3192 4884
686 290 894 352 ..⁴29-

230 462 361 538 „solnm
383 481 489 523 meum
504 458 712 541 praesidium,
736 459 970 541 Antigonam‘.
1009 457 1073 524 Sed
1089 481 1160 534 cum
1175 459 1227 521 vix
1241 461 1346 542 possit

231 562 317 628 credi
340 558 442 643 φιλὸν
464 557 553 644 ὄμμα
574 582 633 644 pro
655 564 785 643 μούνον
809 559 897 644 ὄμμα
919 562 983 624 dici
1001 562 1144 634 licuisse,
1167 581 1225 624 neo
1240 562 1345 644 magis

231 665 410 729 Hermanni
438 663 521 726 ratio
549 663 673 745 placeat
700 663 945 745 interpretantis
973 664 1088 736 „vilem
1116 663 1242 726 oculum
1270 662 1345 744 (dns

232 767 395 847 ormselipc
421 764 554 848 Αιιφι)“
584 769 639 827 aut
669 763 832 827 Wecklini
860 764 920 845 (ed.
942 764 1020 828 0011.
1044 764 1126 838 Col,
1153 765 1260 846 1880),
1289 765 1344 847 qui

231 865 332 940 ψιλὸν
366 864 455 950 ὄμμα
487 866 626 929 breviter
658 865 777 929 dietum
809 871 903 949 putat
931 868 1014 944 „ders
1041 867 1132 949 Auyc
1162 869 1214 931 des
1243 868 1345 930 seiacr

230 969 345 1051 Ανφινι
360 968 575 1046 Eatbliisstca,
593 969 648 1031 dus
663 967 754 1048 Αιιμα
769 969 821 1031 des
837 968 1012 1047 Blanda&
1037 967 1184 1050 equidem
1200 967 1344 1031 Nauctio

231 1071 399 1141 assentior,
428 1070 483 1152 qui
512 1070 633 1151 primus
656 1070 753 1133 verba
775 1068 895 1132 tradita
917 1071 950 1132 in
974 1070 1187 1154 suspicionem
1208 1071 1343 1133 vocavit.

230 1171 310 1234 Inde
344 1193 424 1253 quae
455 1172 638 1254 propositae
667 1175 744 1233 sunt
774 1171 1027 1240 emendationes,
1059 1193 1162 1253 neque
1190 1170 1344 1235 Meinelrii

231 1274 389 1356 scriptura
416 1275 531 1354 φίλιον
564 1293 667 1353 neque
696 1269 816 1335 πιστόν
844 1272 1105 1337 Rauchensteinii
1138 1294 1241 1355 neque
1269 1294 1344 1336 vero

230 1374 427 1443 Froehlichii
467 1369 568 1451 φιλόν
601 1370 745 1457 ὄμματος
778 1378 885 1449 τιθείς
918 1375 1098 1438 sententiae
1130 1374 1343 1441 satisfaciunt.

231 1475 316 1540 Vere
339 1477 424 1539 enim
448 1473 599 1559 (lampius
623 1477 860 1557 (quaestionum
884 1473 981 1559 Soph.
1004 1498 1077 1559 pars
1099 1475 1160 1548 ΙΙΙ,
1191 1475 1345 1540 Greiffen-

232 1577 321 1659 berg.
348 1577 441 1658 1867)
463 1599 528 1641 11011
551 1576 744 1659 respondere
767 1577 829 1639 sibi
853 1580 968 1658 φίλιον
987 1575 1074 1660 ὄμμα
1090 1581 1122 1640 et
1136 1572 1175 1640 mi
1191 1576 1347 1660 πρόσθεν

156 1760 158 1763 ¹
232 1676 361 1763 ὄμματα
385 1682 507 1746 monet,
532 1698 609 1762 ergo
632 1700 743 1760 parum
766 1683 877 1761 aptum
900 1701 969 1743 esse
992 1680 1076 1762 quod
1093 1678 1273 1742 Meinekius
1292 1701 1345 1741 vo-

232 1781 308 1862 luit;
337 1780 535 1864 respondent
562 1781 637 1847 sibi,
666 1782 772 1862 inquit
794 1782 862 1844 ille.
892 1783 1040 1864 proprius
1064 1781 1173 1845 oculus
1197 1783 1229 1843 et
1250 1780 1344 1843 filiae.

230 1882 321 1947 ldem
339 1883 489 1947 convenit
504 1884 538 1945 in
553 1882 815 1946 Rauchensteinii
832 1885 1060 1946 coniecturam:
1083 1904 1149 1946 non
1165 1883 1343 1953 conveniat,

231 1986 259 2048 si
281 1986 352 2067 quis
375 1983 530 2067 πύματον
552 1987 607 2047 aut
631 1988 771 2048 λοῖσθον
793 1988 849 2047 ant
871 1983 992 2048 λοιπόν
1014 1985 1150 2048 coniciet
1167 1987 1236 2056 aut,
1260 1983 1342 2065 quod

231 2088 335 2168 magis
364 2086 442 2149 mihi
472 2086 625 2153 arrideat,
657 2084 700 2149 τὸ
729 2089 854 2168 φίλον
883 2083 986 2168 ὄμμαε
1016 2086 1166 2149 articulus
1195 2086 1280 2148 enim
1303 2123 1345 2130 -

231 2210 302 2250 cum
335 2189 366 2250 vi
400 2188 534 2269 quadam
570 2188 821 2251 demonstrativa
847 2226 890 2235 -
918 2188 1010 2250 facile
1040 2186 1165 2250 elicitur
1192 2208 1229 2249 ex
1257 2189 1344 2249 ante-

147 2277 149 2283 ’
232 2289 358 2353 cedenti
393 2290 546 2354 vocabulo
575 2289 730 2353 κακιστε.
782 2288 894 2371 Neque
923 2293 1032 2352 tamen
1059 2291 1115 2351 aut
1142 2289 1187 2351 sic
1214 2291 1342 2370 poetam

232 2392 396 2475 scripsisse
419 2395 486 2464 aut,
510 2395 547 2455 ut
562 2388 711 2474 [lampius
733 2392 753 2454 l.
771 2392 791 2455 l.
807 2392 922 2459 voluit,
946 2393 1117 2473 utrumque
1133 2410 1259 2453 versum
1275 2389 1345 2462 866,
1430 2437 1432 2441 .

233 2493 293 2557 867
316 2494 547 2576 interpolatum
570 2515 638 2556 esse
659 2493 778 2556 iudico.
804 2494 858 2556 sed
881 2492 1099 2576 reponendum
1123 2491 1202 2554 mihi
1218 2490 1346 2554 videtur

232 2592 380 2670 παιδὸς
402 2591 527 2677 ὄμμα,
550 2616 631 2677 quae
654 2596 835 2659 coniectura
857 2617 960 2677 neque
982 2616 1001 2656 a
1022 2593 1167 2657 codicum
1187 2593 1346 2675 scriptura

231 2695 278 2759 ita
305 2696 442 2759 multum
471 2696 578 2758 differt
607 2700 638 2758 et
666 2698 860 2760 sententiam
888 2696 994 2759 reddit
1015 2696 1145 2777 planam
1167 2715 1203 2758 ao
1224 2696 1344 2777 perspi-

232 2818 322 2860 cuam
349 2817 453 2878 neque
481 2818 550 2859 eam
578 2798 728 2878 ineptam.
773 2797 884 2860 immo*
901 2796 1160 2860 adnumerandus
1181 2793 1234 2858 hic
1255 2795 1344 2859 locus

233 2899 294 2960 erit
316 2898 369 2965 iis,
392 2898 447 2959 ubi
471 2893 560 2979 ὄμμα
583 2899 642 2961 .,111
664 2898 869 2980 periphrasi*
893 2903 941 2960 est
963 2896 1128 2979 (Dindorf.
1145 2898 1205 2961 lex.
1223 2894 1344 2980 Sopho,

232 2998 529 3072 „circumlocutioni
551 2999 765 3065 constituitur,
790 2999 845 3062 sed
869 2999 1009 3081 eleganti
1028 3021 1121 3063 verae
1136 2999 1346 3082 significatio-

230 3102 282 3164 nis
317 3121 412 3163 sensu
440 3100 608 3162 0111111110·ι
642 3099 819 3181 (Ellendt).
870 3098 1016 3164 Conferri
1045 3105 1153 3165 autem
1179 3101 1274 3164 iubeo
1303 3100 1343 3162 ad

232 3201 351 3276 παιδὸς
373 3198 461 3284 ὄμμα
483 3201 571 3264 chori
595 3202 691 3264 verba
706 3203 754 3267 Ai.
773 3201 832 3265 140
847 3202 1038 3286 πεφόβημαι
1054 3207 1180 3286 πτηνῆς
1195 3197 1240 3277 ὥς
1254 3201 1344 3285 ὄμμα

231 3305 379 3385 πελείας,
408 3303 464 3365 ubi
492 3300 579 3386 ὄμμα
602 3306 736 3379 πελείας
757 3326 816 3387 pro
840 3305 954 3368 πέλεια
976 3305 1053 3384 dici,
1082 3306 1157 3388 quia
1178 3305 1342 3368 oculorum

230 3406 407 3469 nictatione
429 3405 528 3467 animi
551 3406 656 3467 motus
680 3407 889 3488 significetur,
912 3406 1090 3471 Lobeokius
1110 3427 1183 3469 vere
1198 3406 1342 3478 adnotat,

232 3511 264 3570 et
280 3506 392 3570 Trach.
403 3506 464 3569 527
480 3504 517 3568 ιὸ
535 3502 813 3591 δ’ύμφινειίιιμον
828 3506 917 3592 ὄμμα
932 3508 1067 3591 νύμφας
1082 3505 1236 3590 ἀμμένει,
1257 3506 1342 3589 quod

231 3608 403 3672 scholiasta
425 3604 499 3670 duel
521 3611 582 3671 τού
599 3606 820 3693 περιμάχητος
835 3612 969 3693 νύμφη,
993 3612 1264 3692 περιφμαστινιός
1280 3608 1342 3671 dic-

230 3713 299 3773 tum
327 3713 429 3793 putat.
473 3709 595 3773 Eodem
627 3710 829 3775 referendum
857 3712 984 3776 videtur
1006 3713 1055 3775 Ai.
1071 3711 1131 3775 977
1156 3701 1182 3774 oi
1213 3707 1343 3793 φίλτατ’

231 3817 331 3893 Αἴας,
362 3801 389 3874 01
417 3807 581 3894 ξύναιμον
610 3808 686 3894 ὄμμ’
700 3812 789 3894 ἐμοί,
822 3814 959 3877 fortasse
987 3813 1083 3875 etiam
1105 3813 1156 3877 Ai.
1178 3813 1259 3876 1004
1288 3813 1340 3888 (cf.

230 3912 378 3977 Dindorf.
396 3912 444 3976 ed,
463 3912 521 3976 Ill.
538 3913 639 3977 Oxon.
657 3913 736 3978 1860
758 3913 796 3976 ad
820 3913 851 3977 h.
867 3918 909 3995 v.)
934 3917 966 3977 et
981 3913 1064 3977 Phil.
1082 3916 1149 3989 171,
1171 3916 1227 3979 ubi
1242 3915 1340 3996 vulgo

230 4016 375 4098 „species
405 4015 504 4077 oculis
527 4015 676 4077 obiecta·‘
699 4015 910 4096 intellegitur.
954 4014 1073 4081 Nostro
1096 4018 1248 4080 nimirum
1269 4016 1340 4079 loeo

231 4115 349 4191 παιδὸς
371 4112 460 4198 ὄμμα
481 4136 539 4197 pro
562 4117 666 4178 ιιαῐόα
688 4116 829 4199 positum
853 4119 913 4187 est,
943 4119 1017 4200 quia
1038 4119 1206 4200 Antigona
1228 4119 1261 4180 et
1281 4138 1339 4199 pro

230 4240 321 4283 caeco
354 4220 444 4301 patre
472 4216 559 4281 videt
587 4218 687 4282 oculis
716 4223 898 4301 (propterea
924 4242 952 4286 v.
978 4220 1038 4284 867
1068 4221 1167 4302 πρὸς
1194 4215 1340 4302 ὄμμασιν

230 4330 299 4395 τοῖς
320 4318 485 4401 πρόσθεν,
509 4319 546 4383 cf.
564 4342 591 4384 v.
609 4320 664 4401 33)
689 4325 720 4383 et
743 4342 780 4384 ea
801 4342 866 4384 una
887 4321 971 4403 patri
994 4322 1102 4384 omnia
1124 4324 1185 4391 est,
1208 4320 1341 4384 deliciae
