3192 4884
678 327 889 390 ..13-

225 497 328 562 efficit
359 516 464 579 neque
496 496 585 560 verbi
619 496 658 560 ab
688 496 916 561 Autenriethio
946 498 1046 580 positi
1080 496 1260 581 ε’ττᾴσσεται
1289 499 1344 561 aut

226 599 424 683 significatio
461 600 517 662 aut
544 619 620 662 usus
648 597 726 662 satis
749 598 913 681 probatur,
949 599 1124 681 genuinam
1152 598 1344 681 scripturam

229 722 298 766 esse
327 701 472 783 suspicor
499 698 605 763 ἵππον
634 697 783 781 ἐφέζεται
810 695 1008 782 αμφίλοφον
1030 695 1132 781 ζυγὸν
1154 702 1222 773 aut,
1249 699 1346 782 siqui·

228 803 303 866 dem
324 802 429 866 Attici
457 804 580 865 veteres
606 801 769 884 praesenti
797 804 942 883 tempore
969 799 1080 884 έζομαι
1109 804 1141 864 et
1167 801 1346 883 composita

229 926 297 968 non
319 904 513 985 dixerunt¹)‚

393 1084 397 1090 .
432 1020 538 1085 ἵππον
561 1020 727 1102 ἐφέζετο
749 1017 1015 1104 τᾶμφίλοφον
1034 1019 1147 1104 ζνγόν,

232 1141 316 1225 quod
338 1141 478 1224 primum
500 1140 534 1204 in
556 1137 706 1221 ἐφέζεται
722 1134 804 1222 οἷμφ.
822 1141 1021 1221 corruptum,
1044 1138 1077 1203 id
1094 1139 1180 1222 quod
1196 1139 1348 1204 facillime

231 1243 302 1306 fieri
324 1244 465 1326 poterat,
493 1241 732 1325 praepositione
754 1243 888 1324 propter
909 1241 1153 1305 similitudinem
1177 1242 1245 1306 eius
1268 1262 1349 1323 quae

226 1343 378 1426 sequitur
410 1343 551 1426 syllabae
586 1341 704 1406 omissa
735 1343 770 1405 in
803 1340 956 1405 traditam
989 1341 1125 1406 formam
1159 1341 1266 1419 ἕξεται
1298 1343 1349 1406 vel

234 1442 362 1527 ἅζεται,
385 1447 423 1508 ut
437 1443 544 1526 aliquo
559 1450 669 1508 tamen
684 1443 780 1508 modo
795 1446 907 1527 posset
922 1443 1085 1526 explicari,
1108 1442 1274 1508 redactum
1290 1446 1348 1508 est.

233 1545 318 1613 Nam
346 1566 418 1610 cum
445 1546 481 1609 in
507 1545 605 1610 verbo
632 1545 745 1628 έζομαι
773 1547 806 1609 et
828 1544 961 1610 sedendi
984 1547 1017 1610 et
1039 1544 1166 1610 sidendi
1187 1546 1279 1610 notio
1302 1546 1349 1607 in·

235 1650 333 1722 esset,
363 1667 441 1730 ergo
471 1647 627 1730 ἐφέζομαι
655 1649 688 1711 et
715 1648 857 1712 insidere
880 1651 913 1712 et
934 1646 1079 1716 insidere
1101 1647 1233 1722 valeret,
1261 1669 1350 1730 prae·

233 1750 368 1813 teritum
389 1752 515 1832 tempus
537 1769 605 1812 non
626 1749 733 1813 minus
756 1752 867 1832 aptum
886 1753 954 1814 erat
969 1771 1064 1833 quam
1079 1770 1244 1832 praesens,
1268 1769 1351 1812 com-

235 1849 469 1933 mendaturque
505 1849 609 1914 forma
642 1849 774 1930 ἐφέζετο
808 1853 905 1915 etiam
937 1852 1042 1935 magis
1074 1850 1231 1933 prorimo¹
1253 1850 1350 1913 verbo

236 1949 413 2029 ἐδιδάξατο
441 1974 470 2018 v.
493 1951 569 2027 355,
593 1950 679 2034 quod
701 1952 808 2035 ipsum
830 1973 957 2035 quoque
978 1954 1014 2016 in
1036 1953 1156 2016 aoristo
1179 1954 1275 2034 poeta
1297 1972 1352 2034 po-

236 2075 314 2120 nere
346 2053 457 2118 voluit.
514 2051 716 2119 Vertendum
748 2053 851 2137 igitur
884 2062 947 2118 est:
982 2076 1085 2138 ,equo
1118 2053 1240 2118 insedit
1272 2053 1352 2132 (sive

237 2154 370 2238 insidet)
396 2156 510 2239 iugum
537 2175 573 2220 ao
600 2155 724 2220 tauro“.
766 2154 877 2220 Unum
898 2158 1014 2230 restat,
1042 2157 1080 2219 ut
1103 2154 1260 2238 ἐφέζομαι
1281 2175 1352 2218 cum

237 2258 417 2322 accusativo
454 2256 609 2339 coniungi
646 2257 873 2322 demonstrem.
926 2256 1085 2340 Exempla
1115 2259 1222 2320 autem
1255 2257 1352 2320 affero

238 2358 353 2426 Aesch.
372 2357 436 2442 Ag.
459 2359 522 2423 644
544 2353 627 2442 τύχη
651 2356 688 2422 δέ
712 2353 824 2441 σωτὴρ
847 2361 935 2421 ναῦν
956 2353 1093 2422 θέλονο)
1116 2358 1353 2442 (ναυστολοὺα

238 2457 462 2542 casaubonus)
487 2459 636 2542 ἐφέζετο;
659 2459 754 2526 Eum.
773 2459 837 2523 446
858 2456 896 2524 τὸ
919 2457 981 2524 οόν
1005 2459 1170 2543 ἐφεζόμην
1193 2461 1253 2543 (sio
1269 2458 1355 2523 Wie-

237 2563 360 2627 selerus
392 2584 450 2645 pro
486 2560 679 2645 ἐφεζομένη)
712 2562 848 2645 dodras,
882 2561 959 2626 Eur.
979 2561 1052 2625 Hel.
1076 2562 1157 2626 1492
1189 2557 1356 2644 Εὐρώταν

239 2659 447 2746 ἐφεζόμεναι.
492 2662 574 2726 ltem
596 2663 730 2728 verbum
754 2663 903 2746 ίφῆσθαι
926 2684 992 2728 non
1015 2663 1121 2727 minus
1144 2684 1214 2727 cum
1230 2683 1357 2727 aecusa-

240 2766 308 2829 tivo
335 2766 430 2849 iungi
456 2786 552 2848 quam
579 2784 651 2828 cum
673 2766 825 2848 genetivo
848 2768 904 2828 aut
926 2764 1049 2840 dativo,
1078 2767 1116 2829 ut
1136 2785 1272 2848 saepea
1293 2767 1357 2829 tra·

241 2867 322 2950 gicis
350 2866 485 2948 aliisque
511 2866 617 2949 poetis
640 2865 690 2939 lit,
721 2866 872 2929 docemur
895 2865 1009 2931 Aesoh.
1024 2865 1119 2934 Eum.
1134 2867 1210 2941 409,
1240 2866 1356 2932 Aesoh.

241 2966 304 3051 frg.
323 2967 392 3034 158.

306 3136 383 3199 Ant.
399 3135 463 3199 524
475 3157 522 3218 sq.
568 3132 717 3200 Creontis
740 3136 838 3200 verba
860 3136 907 3199 ita
927 3136 1097 3220 leguntur:
1360 3158 1415 3203 int.
1428 3161 1512 3211 ιιιιι.

395 3254 485 3318 καίτοι
508 3276 574 3317 νυν
597 3249 745 3336 ἐίθοῦιί,
769 3254 801 3317 εί
822 3254 992 3337 φιλητέον,
1016 3257 1107 3337 φίλει

396 3359 546 3431 κείνους·
573 3354 656 3439 ἐμοῦ
679 3353 717 3419 δέ
740 3357 864 3434 ζῶντος
886 3353 949 3421 οὐκ
971 3353 1064 3440 ἄρξει
1086 3355 1183 3441 γυνή.
1243 3377 1292 3425 525

244 3473 333 3550 Quae
359 3474 458 3538 verba
484 3493 556 3537 cum
584 3474 679 3537 antea
701 3474 913 3540 offensionem
934 3474 1057 3539 nullam
1078 3475 1269 3547 movissent,
1297 3475 1361 3558 pri-

244 3596 315 3640 mus
338 3577 402 3639 iam
424 3575 543 3640 multos
566 3577 641 3638 ante
663 3596 766 3639 annos
781 3574 946 3641 Nauckius
968 3577 1003 3639 in
1018 3576 1210 3658 pronomine
1226 3579 1361 3653 κείνους

244 3676 450 3743 addubitavit
460 3762 462 3766 Α
471 3678 622 3760 (append.
638 3678 709 3741 orit.
724 3678 764 3742 ad
787 3700 815 3742 v.
830 3678 908 3742 525:
931 3675 1015 3741 stau
1029 3678 1081 3740 des
1095 3677 1362 3761 οονίιίιννιμείοεινι

247 3780 382 3854 κείνους
403 3780 445 3843 aa
464 3778 545 3842 ινοίιί
566 3778 710 3862 νεκρούς
730 3798 770 3844 τα
793 3780 929 3856 tessun,
957 3777 1006 3842 ed.
1022 3776 1116 3851 VIII,
1143 3777 1232 3854 1880,
1252 3782 1362 3863 paullo

247 3881 312 3943 iam
333 3879 486 3944 fidentius
509 3901 606 3962 quam
628 3882 663 3943 in
686 3879 734 3948 ed.
750 3879 812 3955 Vl,
830 3879 940 3964 1869),
964 3881 1033 3943 tum
1055 3879 1082 3942 is
1098 3879 1154 3961 qui
1168 3883 1362 3946 novissimus

248 3981 331 4045 hanc
346 3980 488 4045 fabulam
507 3980 622 4056 edidit,
644 3981 817 4047 Mauricius
834 3980 993 4055 Schmidt,
1016 3983 1134 4045 notans
1156 3981 1212 4046 ille
1234 3982 1363 4065 quidem

248 4083 350 4146 crucis
383 4082 479 4165 signo
511 4103 691 4165 pronomen
724 4084 859 4159 κείνους
886 4104 945 4147 neo
971 4085 1081 4147 tamen
1108 4083 1143 4145 in
1171 4085 1364 4149 tractatione

247 4183 360 4247 critica
390 4203 486 4265 quam
516 4184 579 4267 ipsi
607 4183 734 4249 fabulae
762 4186 929 4269 praemisit
956 4185 995 4249 de
1024 4206 1061 4248 ea
1088 4205 1122 4248 re
1145 4184 1222 4266 quid
1245 4187 1365 4250 sentiat

320 4371 345 4437 1)
363 4384 451 4439 praes.
464 4369 546 4425 indic.
559 4366 685 4439 ἐφέζεται
703 4373 746 4426 eat
762 4387 806 4439 ap,
820 4370 903 4426 schol.
916 4370 996 4425 Hom.
1011 4370 1042 4424 ll.
1057 4372 1081 4423 Φ
1093 4375 1150 4424 506.
