3192 4884
689 313 878 377 „9-

288 483 493 547 Accuratiore
522 482 602 546 mihi
634 483 846 566 explicatione
874 482 1025 549 uidentur
1054 484 1202 568 indigere
1230 505 1339 549 versus
1362 502 1472 545 nana

226 585 334 648 lulis
382 633 389 648 .

336 605 380 666 qq
471 671 632 752 γενοίμαν
653 667 694 732 ἵν’
708 666 812 733 ridden
834 672 947 734 ἔπεστι
969 667 1097 734 πόντου

471 767 633 854 πρόβλημ’
647 766 863 853 άλίκλνστον,
887 769 995 855 άκραν

471 869 538 937 ὑπὸ
561 869 672 937 πλάκα
695 875 855 954 Σουνίου,
927 896 991 944 1220

471 971 529 1050 τάς
551 971 642 1055 ἱεράς
664 971 754 1049 ὅπως

470 1078 711 1159 προσείποιμεν
731 1072 885 1152 Ἀθάνας.

224 1193 264 1257 In
286 1198 352 1258 tarn
374 1197 492 1258 misera
512 1215 620 1258 rerum
643 1215 772 1258 suarum
795 1194 997 1269 condicione,
1021 1217 1100 1279 quas
1118 1199 1188 1260 tum
1204 1197 1341 1281 denique

224 1295 323 1360 Aiace
356 1300 483 1361 mortuo
513 1296 697 1379 desperatas
725 1316 794 1360 esse
823 1296 939 1361 chorus
967 1299 1074 1380 priore
1100 1297 1233 1362 alterius
1260 1300 1342 1363 anti·

225 1398 377 1480 strophae
392 1401 483 1481 parte
499 1396 656 1471 ostendit,
680 1400 772 1479 optat
785 1399 979 1479 posteriore,
997 1400 1084 1462 utin
1099 1400 1237 1482 petriam
1252 1423 1342 1465 suam

225 1499 324 1562 redux
346 1499 411 1564 fiat.
455 1499 637 1564 Verborum
660 1502 767 1562 autem
791 1501 987 1564 constructio
1010 1502 1057 1563 ita
1079 1503 1129 1564 est
1150 1507 1341 1584 comparata,

225 1603 262 1664 nt
287 1603 448 1683 γενοίμαν
471 1599 566 1665 modo
589 1601 806 1684 coniungatur
827 1621 899 1664 oum
921 1603 1026 1667 verbis
1049 1603 1106 1666 ἵνα
1127 1598 1236 1668 diuiso
1258 1603 1343 1685 πρά-

225 1705 337 1787 βλημα
360 1704 472 1767 ἔπεστι
496 1703 528 1782 (i.
545 1724 572 1769 e.
588 1703 713 1766 utinam
738 1701 865 1788 [ad]sim
888 1703 944 1767 ubi
959 1704 1115 1769 silvestris
1132 1705 1225 1770 obiex
1240 1710 1342 1789 ponto

225 1803 400 1885 imminet),
423 1805 507 1879 tum,
531 1825 594 1886 quo
618 1825 655 1867 ea
669 1804 767 1868 verba
781 1806 958 1869 accuratius
974 1805 1169 1871 definiantur
1188 1809 1221 1870 et
1235 1829 1342 1890 quem·
1452 1845 1455 1854 ι

226 1927 303 1970 nam
328 1906 435 1970 locum
457 1905 573 1970 chorus
596 1904 682 1969 dieat
702 1906 808 1988 magis
830 1908 1034 1990 perspicuum
1056 1909 1113 1982 sit,
1142 1929 1214 1972 cum
1235 1910 1341 1974 verbis

227 2005 294 2073 ὑπὸ
327 2005 437 2091 άκραν
470 2006 581 2071 πλάκα
611 2010 774 2088 Σουνίου,
809 2008 856 2071 ita
888 2012 924 2072 ut
953 2011 1114 2092 γενοίμαν
1143 2005 1212 2074 ὑπό
1237 2012 1343 2075 valeat

227 2107 422 2193 ὑπέλθοιμιε
446 2109 558 2173 subter
579 2109 666 2172 enim
687 2109 890 2173 advehuntur
911 2111 994 2175 navi.

289 2211 357 2276 Iam
379 2212 476 2275 verba
496 2209 540 2275 ἵν’
552 2207 659 2275 ὑλάεν
682 2212 795 2275 ἔπεστι
815 2208 943 2276 πόντου
963 2210 1126 2296 πρόβλημ’
1139 2210 1342 2279 άλίαλυστον

227 2313 372 2380 nondum
401 2335 420 2378 a
446 2332 607 2395 quoquam
634 2312 811 2395 interprete
839 2315 925 2377 recte
954 2314 1110 2397 explicata
1135 2337 1205 2380 esse
1227 2315 1342 2381 iudico,

229 2415 340 2499 Vulgo
363 2416 450 2478 enim
472 2414 682 2497 coniungitur
704 2417 832 2478 πόντου
855 2413 1049 2499 πρόβλημα,
1072 2416 1158 2499 quod
1173 2416 1348 2482 scholiasta

227 2520 320 2582 vetus
338 2518 457 2596 „lt'vttu
473 2510 620 2597 ὑλώδης)
636 2513 731 2599 ἐξοχὴ
748 2520 806 2599 τῆς
819 2515 991 2599 θαλάττης
1006 2517 1139 2599 (locist,
1162 2518 1183 2585 i.
1197 2540 1222 2583 e.
1242 2518 1347 2601 „quod

229 2641 246 2683 e
277 2621 359 2683 mari
393 2618 532 2683 eminet“
570 2617 812 2701 interpretatur,
845 2619 963 2683 rectius
992 2617 1100 2702 paullo
1129 2619 1346 2697 Ellendtius1)

233 2721 336 2804 „qnod
366 2721 402 2784 in
435 2740 522 2783 mare
546 2720 739 2802 prominet“.
783 2719 938 2784 Attamen
966 2723 1117 2783 neutrum
1139 2721 1209 2784 fieri
1230 2712 1348 2805 potest,

229 2824 304 2905 quia
337 2844 403 2887 non
436 2823 523 2886 inest
555 2821 590 2884 in
618 2821 724 2885 verbis
753 2820 883 2886 πόντου
913 2820 1101 2904 πρόβλημα.
1154 2821 1247 2898 Quod
1274 2845 1347 2888 eum
1442 2890 1443 2893 ,

228 2924 377 2998 vidisset,
400 2924 497 2987 aliam
519 2922 764 3006 explicationem
779 2922 928 2986 Wolffius
944 2923 1113 3005 proposuit
1129 2923 1348 3007 „Schutawetr

226 3028 351 3109 peperd,
375 3048 438 3109 qua
459 3024 696 3108 significatione
719 3028 752 3089 et
774 3020 927 3105 προβολαὶ
950 3025 1117 3107 (δείματος
1133 3026 1189 3089 καὶ
1203 3028 1346 3113 βελέων)
1413 3106 1415 3121 1

228 3150 257 3191 v.
279 3127 358 3191 1212
386 3128 524 3211 legimus
552 3130 585 3189 et
616 3127 722 3209 ipsum
749 3125 928 3209 πρόβλημα
957 3147 1052 3209 saepe
1074 3131 1256 3212 usurpatur.
1301 3130 1346 3194 At

228 3229 290 3294 hoc
316 3230 386 3294 loeo
414 3250 481 3293 non
508 3228 617 3310 agitur
646 3226 684 3291 de
707 3224 808 3292 Sunio
836 3229 1060 3312 promunturio
1088 3231 1251 3312 tamquam
1273 3253 1345 3315 pro-

228 3330 411 3414 pugnaculo
436 3329 532 3393 undis
555 3329 719 3413 opposite,
748 3329 804 3395 sed
827 3331 896 3414 ipse
918 3330 1007 3394 locus
1029 3350 1066 3393 ac
1087 3331 1178 3413 regio
1201 3332 1345 3396 notanda

229 3436 306 3497 erat.
320 3470 359 3478 —
376 3430 469 3507 Quod
491 3431 519 3494 si
542 3426 671 3493 πόντον
693 3451 764 3495 cum
787 3452 864 3496 voce
887 3430 1065 3515 πρόβλημα
1080 3452 1174 3514 posse
1190 3433 1344 3517 coniungi

228 3555 295 3598 non
328 3535 462 3608 videtur,
497 3532 559 3596 alia
592 3535 642 3595 est
673 3534 756 3597 ratio
789 3532 1082 3616 circumspicienda.
1132 3531 1239 3616 Atque
1271 3554 1343 3599 cum

228 3636 326 3700 verbo
350 3638 463 3699 ἔπεστι
485 3634 682 3716 coniungere
704 3633 855 3699 ridentur
876 3635 1016 3698 voluisse
1031 3631 1295 3700 Schneidewinus
1312 3640 1344 3701 et

228 3736 407 3811 Nauekius‚
437 3737 492 3819 qui
513 3734 575 3800 hoc
597 3735 730 3800 verbum
753 3735 915 3819 explicant
938 3736 1106 3818 „imminet
1126 3739 1242 3818 ponto,
1272 3760 1344 3821 pro-

229 3840 365 3903 minet“:
397 3859 492 3920 quam
524 3857 585 3920 ego
612 3835 706 3900 facile
735 3837 908 3920 arriperem
936 3838 1145 3911 sententiam,
1175 3839 1203 3902 si
1231 3838 1343 3924 πόντῳ

298 4028 322 4091 1)
341 4041 361 4080 s.
378 4040 403 4077 v.
421 4020 581 4093 πρόβλημα.
616 4020 792 4089 Quamquam
816 4020 897 4076 aliter
914 4021 968 4075 Eli,
986 4021 1108 4091 explieat
1125 4040 1144 4077 s.
1162 4023 1189 4082 h,
1202 4040 1240 4088 n,
1263 4023 1344 4078 aliter

228 4127 248 4162 s.
262 4127 285 4168 v.
301 4107 400 4176 ἔπειμι.
438 4108 535 4163 Simile
552 4106 686 4175 quiddam
703 4107 764 4160 viro
782 4105 864 4161 docto
882 4106 982 4161 accidit
994 4106 1050 4161 alio
1064 4105 1146 4161 huius
1159 4107 1258 4162 cantici
1270 4108 1344 4164 loco:

228 4194 330 4249 etenim
348 4194 422 4248 idern
440 4193 503 4258 ille,
523 4192 572 4261 qui
591 4211 611 4251 s,
626 4210 651 4251 v.
664 4190 763 4261 πίηθω
781 4208 934 4260 pronomen
952 4197 1045 4255 κεῖνος
1062 4191 1091 4246 in
1104 4211 1129 4253 v.
1145 4199 1209 4248 1198
1221 4194 1344 4262 positum

227 4279 262 4332 de
288 4278 379 4346 „belli
401 4280 534 4333 auctore“
560 4276 715 4346 intellegit,
741 4294 761 4331 e.
780 4295 806 4331 v.
835 4274 939 4344 ὀμιλέω
962 4295 1114 4348 pronomen
1137 4275 1242 4341 ἐκεῖνος
1263 4278 1343 4332 initio

227 4364 357 4431 strophae
376 4363 490 4417 alterius
508 4362 629 4431 positum
648 4362 682 4415 de
699 4361 865 4432 ‚,Aiece“(!)
883 4363 1102 4433 intellegendum
1121 4363 1195 4419 dicit.
