3192 4884
716 329 904 371 ..⁴—

314 474 524 540 Revertamur
546 498 632 541 nunc
654 475 694 540 ad
716 478 855 559 primum
874 476 1095 560 antistrophae
1110 496 1251 548 versum,
1275 476 1502 538 cuiusar.1rss.

248 577 290 641 de
318 578 481 641 sententia
509 577 651 642 dubitari
678 600 744 643 non
770 581 893 662 potest:
926 579 1078 642 nimirum
1101 578 1170 641 iure
1193 576 1365 641 Dounerus

251 679 362 742 vertit:
391 677 483 743 Wc'r'r'
506 700 539 743 cr
559 682 596 744 ιἰι
621 680 702 761 Luft
722 679 867 757 νινινιλιί,
892 680 977 762 quod
999 678 1205 754 Tricliniusll
1236 697 1365 760 quoque

251 779 328 843 vult.
374 776 422 843 Of.
439 779 478 843 ΙΙ.
495 782 526 843 Γ
541 782 600 845 173
623 784 655 845 et
678 782 796 856 2345,
822 780 878 844 ubi
900 781 1015 845 similis
1038 780 1218 846 sententies
1240 777 1366 842 confor-

249 882 359 946 matio.
404 881 592 946 Exsecratio
614 886 735 949 tamen,
760 906 855 967 quam
879 885 913 947 in
933 881 1023 947 chori
1038 882 1144 946 verbis
1159 882 1265 945 inesse
1279 880 1366 944 inter

245 1003 361 1046 omnes
390 986 530 1055 constat,
563 986 691 1048 tantum
719 987 824 1059 abest,
855 988 892 1048 ut
918 984 1082 1049 locutione
1111 980 1215 1064 ὅφιλε
1243 981 1365 1063 αἰθέρα

246 1085 352 1147 δῦναι
375 1086 587 1159 contineatur,
611 1090 660 1159 ut,
684 1086 867 1169 ubicunque
890 1086 974 1150 hanc
995 1084 1045 1148 vel
1068 1084 1207 1148 similem
1230 1083 1364 1148 locutio-

248 1207 324 1250 nem
346 1187 541 1260 invenimus,
566 1189 669 1271 optati
691 1190 798 1271 potius
822 1210 917 1271 quam
941 1186 1166 1250 detestationis
1188 1186 1259 1249 loco
1275 1205 1364 1248 usur-

247 1291 356 1370 petur,
398 1286 451 1352 Sic
473 1291 560 1353 enim
577 1288 772 1355 Philoctetes
795 1291 835 1354 ab
859 1288 1009 1354 omnibus
1032 1286 1206 1352 destitutus
1225 1287 1363 1350 maximo

244 1410 344 1471 opere
361 1392 492 1473 exoptet
503 1388 614 1475 (Soph.
624 1390 708 1455 Phil.
719 1391 821 1472 1092),
838 1393 875 1454 ut
888 1390 1026 1472 αἰθέρος
1040 1387 1111 1452 ἅνω
1128 1384 1293 1465 ὀξυτόνον
1309 1382 1365 1450 trel

247 1491 435 1574 πνεύματος
457 1493 614 1576 rapiatur3
638 1493 684 1557 sio
699 1490 820 1557 Creusa
834 1492 918 1575 apud
934 1490 1123 1574 Euripidem
1138 1489 1209 1554 Ion.
1222 1488 1283 1553 796
1295 1509 1364 1570 sqq.

244 1590 299 1658 ἀν’
312 1592 420 1678 ύνρόν
443 1590 612 1677 spumeos
634 1594 753 1676 αἰθέρα
769 1590 887 1676 πόρσω
902 1595 999 1675 γαίας
1010 1589 1201 1672 Ἑλλανίας,
1224 1588 1366 1672 ἀστέρας

247 1695 427 1780 ἑσπέρους,
450 1685 525 1759 οἷον
541 1686 617 1760 οἷον
639 1692 740 1777 ἄλγος
755 1697 897 1760 ἔπαθον.
930 1693 1042 1777 Neque
1058 1692 1166 1757 Aiacis
1181 1693 1251 1757 loco
1267 1690 1365 1755 verba

245 1795 354 1879 ‹i'rpsle
376 1797 498 1879 αἰθέρα
513 1798 617 1861 δῦναι
632 1798 761 1880 proprie
776 1797 863 1861 aliud
878 1795 1052 1879 quidquem
1068 1793 1254 1878 significant
1269 1813 1364 1875 quam

251 1900 395 1978 ,utinam
418 1899 564 1964 sublimis
588 1900 737 1963 abisset“.
760 1899 781 1962 i.
806 1920 831 1963 e.
852 1898 967 1962 vellem
989 1897 1045 1961 ille
1068 1896 1107 1960 de
1129 1899 1215 1960 terra
1237 1894 1363 1959 ablutus

247 2003 348 2073 esset,
372 2002 557 2084 priusquam
581 2000 703 2076 ἔδειξεν
726 1997 842 2064 ὅπλων
854 1997 949 2083 Ἤρη.
985 1998 1030 2062 At
1050 2020 1124 2063 vera
1139 1997 1255 2062 deinde
1270 1996 1365 2060 iacte-

248 2106 301 2166 tur
330 2103 505 2167 exsecratio
536 2101 637 2165 altere
664 2105 755 2185 parte
783 2102 901 2185 optati,
936 2123 1016 2184 quse
1030 2103 1152 2165 'tamen
1182 2098 1295 2164 dubito
1324 2119 1364 2162 an

244 2207 397 2289 corrupte
415 2204 450 2267 in
465 2203 558 2267 libris
573 2202 704 2268 feratur.
749 2202 929 2285 Numquae
945 2206 1007 2275 est,
1031 2223 1163 2286 quaeso,
1187 2203 1362 2266 exsecratio

246 2305 388 2369 hominis
410 2305 497 2369 illius
520 2305 636 2369 abiecti
660 2308 692 2369 et
713 2327 808 2388 quam
831 2306 967 2369 maxime
990 2304 1204 2370 detestabilis
1233 2308 1260 2371 si
1283 2307 1363 2389 legi-

247 2428 318 2470 mus
333 2407 391 2471 ιὸν
407 2405 614 2472 πολύκοινον
622 2405 763 2471 ’Ἀιδανλ
778 2407 924 2488 „utinam
939 2408 1121 2470 communia
1136 2406 1271 2474 Tartara
1286 2412 1361 2473 ante

243 2509 426 2573 subissetl“
477 2508 637 2573 Nimirum
663 2530 792 2587 „omnes
817 2507 929 2573 eodem
951 2508 1105 2590 cogimur,
1129 2511 1273 2574 omnium
1295 2532 1363 2575 ver·

243 2613 336 2674 satur
358 2632 440 2674 urna
461 2612 562 2675 serius
585 2612 673 2675 ocius
696 2630 764 2675 sors
788 2612 913 2674 exitura
935 2614 967 2674 et
987 2631 1047 2674 nos
1070 2611 1104 2673 in
1127 2613 1293 2675 aeternum
1311 2633 1363 2676 ex·

244 2709 354 2774 silium
382 2712 573 2795 impositura
600 2712 731 2777 cumbae
739 2724 765 2777 ⁶⁶.
810 2711 897 2776 Num
924 2710 1008 2776 hanc
1029 2732 1165 2795 poenam
1188 2734 1257 2777 esse
1278 2714 1362 2777 arbi-

243 2811 404 2876 trabimur
431 2811 507 2877 facti
534 2813 622 2877 illius
650 2816 706 2877 aut
732 2814 854 2896 incepti
884 2811 1106 2877 detestabilis?
1145 2812 1262 2898 ‘Neque
1284 2836 1360 2879 vero

242 2915 371 2977 tautum
395 2914 422 2978 si
444 2917 548 2979 totam
570 2915 777 2989 sententiam,
802 2913 857 2978 sed
881 2915 977 2978 etism
1000 2915 1027 2978 si
1040 2914 1141 2997 ipsius
1156 2917 1242 2981 vocis
1258 2914 1361 2981 πολύ-

242 3037 362 3079 κοινον
384 3014 655 3098 significationem
671 3016 874 3099 respicimus,
898 3014 984 3080 haud
999 3016 1136 3080 multum
1152 3017 1257 3091 abest,
1280 3019 1359 3101 quin

243 3116 322 3180 ferri
350 3138 418 3180 eam
446 3138 541 3199 posse
569 3137 733 3200 negemus.
779 3117 861 3181 Nam
883 3115 1064 3202 Hesychius
1085 3117 1215 3201 quidem
1237 3139 1262 3184 s.
1281 3118 1313 3184 h.
1330 3142 1359 3183 v.

242 3214 451 3282 πολύκοινον
464 3215 583 3282 ’Ἅιδαν
604 3220 837 3303 interpretatur
859 3223 941 3283 πᾶσι
956 3217 1087 3284 κοινόν;
1111 3222 1145 3284 at
1159 3220 1192 3282 id
1208 3223 1258 3284 est
1272 3220 1359 3301 πάν·

242 3341 373 3401 κοινον,
396 3324 434 3384 ut
448 3318 500 3385 El.
515 3321 573 3384 137
592 3319 626 3397 ἐξ
640 3317 731 3384 Ἀΐδα
751 3322 940 3402 παγκοίνου
956 3323 1085 3404 λίμνας.
1121 3319 1209 3397 Quae
1224 3320 1359 3386 offensio

240 3442 309 3486 non
332 3424 399 3485 tum
420 3422 548 3486 tollitur
569 3443 664 3504 quam
679 3422 857 3487 occultatur
871 3421 1030 3486 Ellendtii
1045 3422 1257 3505 explicatione
1272 3423 1359 3487 vocis

241 3517 448 3599 πολύκοινος
474 3524 623 3599 ,.multis,
647 3525 725 3608 quin
748 3524 898 3588 omnibus
920 3523 1098 3588 communis
1106 3534 1132 3598 “,
1162 3544 1257 3607 quam
1279 3522 1359 3588 Din-

242 3623 364 3689 dorfius
386 3626 421 3687 in
443 3625 545 3690 lexico
561 3623 740 3710 Sophocleo
764 3625 953 3708 simpliciter
975 3627 1009 3689 et
1023 3626 1109 3688 recte
1125 3624 1259 3699 „multis
1275 3646 1359 3690 com-

242 3727 350 3789 munis
360 3736 377 3761 “
399 3726 507 3791 vertit.
550 3726 664 3811 Itaque
680 3728 798 3792 factum
816 3729 878 3799 est,
901 3729 939 3790 ut
954 3724 1128 3809 Seyffertus
1144 3725 1184 3791 de
1199 3726 1357 3792 adiectivo

240 3825 447 3891 πολύκοινον
462 3829 635 3911 cogitaret,
651 3828 736 3911 quod
752 3829 787 3891 iu
803 3825 972 3910 Sophoclis
987 3826 1171 3910 fragmento
1182 3827 1244 3893 597
1260 3830 1358 3893 etiam

241 3929 340 3992 scribi
356 3928 438 4013 ,vult
465 3950 524 4013 pro
553 3928 760 3994 πολύκοινον
786 3968 822 3976 -
848 3949 1039 4011 quemquam
1065 3929 1153 3994 illius
1174 3931 1261 3994 vocis
1283 3952 1358 3994 nus·

238 4051 337 4112 quam
361 4032 465 4094 exstat
487 4031 662 4115 vestigium
678 4069 725 4105 -,
748 4030 810 4095 hoc
825 4029 933 4095 Aiacis
955 4030 1026 4095 loco
1047 4032 1156 4095 tamen
1171 4030 1359 4096 defenderet

239 4347 253 4404 ἐ
311 4269 336 4333 1)
355 4262 446 4321 Schol.
461 4265 543 4322 Tricl.
563 4266 598 4319 ad
618 4273 682 4321 1192
707 4264 812 4335 αἰθέρα
835 4266 930 4335 δῦναι]
956 4268 994 4330 εἰς
1018 4263 1180 4336 α’φανισμὸν
1202 4270 1249 4324 καλ
1273 4265 1359 4322 coola

255 4350 334 4404 lueto
352 4358 410 4405 κτλ.
