3192 4884
683 319 895 378 *21-

227 484 434 548 iudicandam
456 483 605 565 fuisse¹),
635 483 750 548 deinde
773 485 808 547 in
830 485 936 549 verbis
959 483 1115 549 ruid'ule‘u
1138 485 1344 550 difficultates

229 586 384 669 quasdam
406 587 512 650 inesse
535 590 623 650 ratus
645 586 861 649 coniecturam
883 608 1029 670 propono

425 701 448 766 α’
469 704 525 767 καὶ
547 704 584 769 σὲ
606 701 710 786 τάνδ’,
734 701 863 786 dccco,
891 705 929 781 ἐν
952 704 1084 769 ἐλπίσιν
1107 704 1192 786 λέγω

425 801 620 870 τάκεῖθεν
643 810 750 887 ἴσχειν

232 923 310 1002 (vel,
335 925 362 987 si
385 924 435 988 cui
457 926 563 988 minus
586 923 740 1008 probetur
763 925 916 1007 producta
938 924 1061 1008 syllaba
1075 926 1195 1008 prima,
1218 922 1258 989 τὰ
1275 936 1342 989 κεῖ·

228 1030 307 1105 θεν)
333 1029 547 1110 „quapropter
569 1027 665 1090 etiam
688 1028 720 1089 te
742 1027 778 1090 in
801 1048 858 1109 spe
874 1025 993 1090 habere
1007 1026 1101 1090 iubeo
1118 1025 1266 1092 Herculis
1282 1050 1342 1110 res,

230 1127 328 1190 etiarn
351 1129 386 1190 tu
408 1126 476 1190 noli
500 1127 653 1191 desistere
676 1148 804 1210 sperare
820 1126 859 1190 de
874 1127 1019 1191 Herculis
1034 1128 1150 1192 rebus“
1174 1129 1212 1194 ol.
1230 1151 1255 1192 v.
1271 1129 1342 1211 632,

231 1227 286 1291 ubi
317 1227 428 1291 eadem
455 1250 506 1300 res
534 1229 644 1292 eadem
670 1249 747 1293 voce
776 1228 993 1311 significatur:
1025 1230 1106 1312 πρὶν
1129 1226 1254 1294 εἰδέναι
1275 1227 1342 1294 roi-

229 1335 376 1393 κεῖθεν
411 1330 442 1394 εἰ
472 1332 691 1414 ποθούμεθα,
719 1331 740 1394 i.
765 1352 790 1394 e.
819 1329 859 1394 ab
887 1328 1033 1395 Hercule.
1076 1330 1208 1395 Etenim
1235 1333 1270 1394 in
1298 1331 1345 1396 La

227 1433 382 1513 scriptum
412 1434 461 1495 est
488 1429 527 1495 sul
556 1437 684 1514 κεῖθεν,
713 1430 977 1496 Schneidewinus
1000 1436 1116 1496 autem·
1129 1436 1162 1496 et
1183 1432 1343 1516 Bergkius

228 1531 307 1595 duce
335 1532 508 1598 scholiasta
537 1534 606 1597 sine
632 1534 718 1597 iusta
740 1553 835 1597 causa
858 1530 1017 1596 κάκεῖθεν
1039 1533 1245 1617 scripserunt.
1291 1532 1343 1599 Sic

227 1653 290 1716 ego
313 1636 346 1697 et
368 1635 563 1699 sententiam
584 1656 679 1717 quam
696 1633 913 1718 Zippmannus
937 1634 1098 1699 desiderat
1119 1634 1271 1700 facillime
1294 1659 1343 1700 ex·

228 1735 324 1818 primi
354 1757 458 1818 neque
489 1737 536 1800 ita
565 1736 703 1800 multum
731 1757 750 1800 a
776 1734 898 1800 tradita
925 1737 1083 1819 scriptura
1109 1758 1169 1823 nos
1196 1737 1343 1803 recedere

227 1840 316 1918 puto.
371 1835 450 1901 Post
480 1858 680 1902 communem
713 1839 816 1922 igitur
846 1838 1057 1903 sententiam:
1091 1841 1266 1922 „perpetua
1296 1844 1345 1905 est

229 1938 385 2002 malorum
414 1942 446 2002 et
468 1940 627 2003 bonorum
650 1938 858 2003 vicissitudo“
881 1940 982 2023 ipsius
1005 1938 1175 2004 Deianirae
1197 1939 1343 2005 condicio

227 2040 413 2122 respicitur:
443 2041 500 2104 καὶ
522 2040 559 2106 σὲ
583 2080 622 2088 -
646 2037 804 2104 τάκεῖθεν
826 2042 847 2106 i.
865 2062 890 2105 e.
914 2041 1031 2124 „etiam
1054 2044 1086 2104 te
1108 2044 1179 2105 tuas
1203 2040 1242 2105 de
1265 2040 1344 2106 Her·

226 2140 297 2204 cule
327 2162 417 2206 curas
445 2142 539 2206 iubeo
568 2142 745 2223 dimittere;
774 2163 850 2205 nam
879 2141 972 2206 facile
994 2141 1065 2205 fieri
1087 2144 1209 2227 potest,
1239 2147 1292 2225 ut,
1316 2144 1344 2209 si

228 2243 313 2306 malo
336 2265 507 2326 oppressus
530 2243 684 2308 Hercules
707 2244 765 2325 sit,
786 2264 861 2307 mox
884 2249 993 2308 tamen
1014 2244 1184 2309 incolumis
1206 2247 1343 2309 reverta·

228 2345 310 2409 tur“.
356 2343 424 2408 Iam
446 2366 503 2428 per
525 2366 559 2409 se
581 2345 784 2428 intellegitur
805 2366 985 2428 pronomen
1007 2341 1029 2408 ἅ
1050 2367 1121 2409 uum
1143 2345 1341 2427 Hermanno,

226 2444 404 2529 Ellendtio,
427 2446 498 2511 aliis
521 2447 800 2530 interpretandum
823 2467 891 2510 esse
915 2448 1160 2529 „quapropter“,
1183 2469 1242 2529 pro
1268 2444 1344 2510 dr’oi'

224 2547 383 2631 positum,
406 2548 494 2612 velut
517 2547 594 2613 Ocd.
611 2546 679 2614 Col.
697 2547 786 2613 1291.

290 2715 443 2781 Eiusdem
466 2718 593 2783 fabulae
615 2741 725 2784 versus
747 2718 810 2783 562
822 2740 890 2801 sqq.
913 2719 959 2781 ita
980 2717 1092 2780 traditi
1114 2720 1205 2780 sunt:
1355 2748 1493 2792 mmm,

429 2833 466 2911 ὃς
488 2836 582 2919 κάμέ,
605 2833 665 2900 τὸν
687 2842 844 2919 πατρῷον
866 2833 966 2917 ἡνίκα
989 2831 1111 2898 στόλον

429 2935 491 3014 ξὺν
507 2935 668 3020 Ἡρακλεῖ
685 2935 723 3001 τό
746 2940 882 3018 πρῶτον
905 2926 997 3011 edors
1018 2934 1179 3020 ἑσπόμην,

430 3038 545 3121 φέρων
568 3035 617 3103 ἐπ’
627 3035 746 3121 ὤμοις,
769 3034 854 3121 ἡνία
879 3028 922 3121 ἦν
944 3038 1033 3121 μέσῳ
1055 3034 1167 3123 πόρῳ,

429 3139 530 3215 ψαύει
552 3143 707 3224 ματαίαις
728 3142 855 3223 χερσίν.
938 3160 988 3209 565

223 3258 297 3324 Hoo
318 3258 388 3322 loco
411 3256 599 3322 Dindorfius
622 3280 693 3324 cum
715 3280 819 3342 neque
834 3250 878 3342 ἦν
892 3280 951 3342 pro
967 3258 1063 3322 tertia
1077 3278 1216 3340 persona
1229 3257 1341 3323 haberi

224 3380 320 3444 posse
353 3363 512 3443 censeret,
547 3362 622 3443 quia
653 3360 692 3424 de
723 3381 757 3424 se
790 3360 898 3444 potius
931 3380 1027 3442 quarn
1055 3357 1094 3422 de
1121 3357 1224 3423 Nesso
1251 3360 1341 3442 loqui

225 3459 380 3525 Deianira
402 3459 548 3543 deberet,
571 3483 633 3545 qua
655 3462 690 3525 in
711 3483 746 3525 re
768 3484 787 3525 a
808 3463 877 3525 viro
900 3460 994 3525 docto
1011 3458 1185 3540 dissentio,
1208 3481 1267 3524 nec
1281 3481 1340 3544 pro

225 3563 330 3646 prima
351 3582 488 3645 persona
510 3584 603 3647 posse
626 3563 726 3647 accipi
740 3584 814 3627 vere
829 3561 987 3626 iudicaret
1002 3560 1055 3635 (ad
1072 3557 1169 3642 Soph.
1186 3560 1249 3644 frg.
1261 3561 1340 3626 399:

224 3654 247 3746 ἦ
268 3663 385 3747 tragici
407 3664 567 3745 ceterique
590 3666 761 3748 scriptores
780 3663 881 3727 Attici
901 3667 1026 3727 veteres
1049 3663 1234 3726 constanter
1255 3662 1341 3727 dixe·

224 3767 331 3849 runt),
361 3755 384 3847 ἦ
405 3765 534 3847 scripsit
555 3787 613 3848 pro
640 3757 684 3848 ἦν
713 3766 1006 3846 assentientemque
1029 3761 1128 3826 habet
1149 3761 1339 3848 Nauckium‚

224 3887 305 3949 quae
336 3866 432 3932 lectio
466 3886 534 3930 non
561 3868 667 3933 minus
693 3867 872 3951 probabilis
901 3868 951 3929 est
978 3885 1074 3946 quam
1101 3864 1186 3946 quod
1216 3863 1339 3931 Oobeto

224 3967 346 4052 placuit
380 3967 474 4048 (Nor.
497 3965 584 4033 Leet.
605 3991 636 4052 p.
663 3968 737 4051 188)
770 3957 837 4051 ἦν.
890 3964 973 4030 Nam
1000 3965 1272 4049 praepositionem
1302 3966 1340 4031 ἐν

294 4189 318 4255 1)
337 4185 372 4245 cf,
391 4186 475 4241 schol.
492 4187 598 4246 autad
613 4195 672 4242 140:
691 4216 723 4228 —
741 4217 774 4228 -·
793 4184 838 4241 διὸ
857 4183 944 4254 μηδὲν
962 4185 1074 4255 φαῦλον
1092 4183 1155 4253 περὶ
1173 4182 1341 4252 Ἡρακλέους

222 4269 327 4339 ἔλπιζε·
352 4267 390 4326 ου’
410 4278 464 4341 γὰρ
487 4273 600 4342 παρορᾷ
619 4274 670 4327 τοῦ
691 4270 795 4327 ἑαυτοῦ
816 4269 922 4334 παιδὸς
940 4268 1020 4340 (τούς
1039 4270 1143 4325 ἑαυτοῦ
1161 4274 1269 4334 παῖδας
1286 4288 1339 4331 em.

223 4356 389 4427 Brunckius)
408 4353 425 4411 o‘
446 4355 525 4419 Zetis.
