3192 4884
675 255 885 316 „17-

34 448 36 515 j
97 490 100 495 ,
219 425 387 509 (Βαῖνῖῖμν
407 443 465 487 ναν
487 423 624 506 Εανῃεεν
645 425 714 487 αμα
736 423 846 487 Κν-ῖῖῖῖε
868 425 923 488 der
945 423 1200 504 Sophottetsctea
1219 424 1335 506 Τναμὸ-

220 529 293 592 dc'en
315 525 462 602 Elektra,
485 525 569 589 Aias
590 526 658 588 und
678 525 850 607 Ααῖῖμσνν,
874 524 1107 605 Sctcfftousea
1129 530 1224 607 1864)
1246 548 1336 609 νυμ-

220 626 341 709 φεύεεν
364 617 498 692 coniecit
520 628 597 706 (iam
619 626 768 690 Reiskius
791 622 981 709 νυμφεύσει
1002 626 1160 709 voluerat)
1183 627 1336 709 probave-

220 733 360 812 runtque
375 728 538 793 Nauckins
562 731 595 790 et
610 727 814 792 Wecklinus:
838 731 872 791 at
891 749 1050 809 nusquam
1072 727 1176 792 adhuc
1198 728 1237 791 de
1252 727 1336 792 Hae

220 852 317 894 mone
344 851 415 893 cum
438 831 605 912 Antigona
632 830 667 892 in
694 850 823 911 specum
850 826 942 891 illum
965 850 1093 892 saxeum
1115 828 1336 893 concludendo

222 931 344 995 dietum
372 933 429 994 est.
475 929 594 995 Vocem
617 939 786 1013 νυμφεῖον
808 931 915 994 autem
939 933 980 1010 (v.
995 929 1085 1009 891),
1113 952 1176 1013 qno
1198 931 1336 993 maxime

221 1032 433 1097 Morstadtius
455 1033 579 1105 nititur,
608 1031 777 1114 Antigona
798 1032 919 1094 ironice
942 1030 1032 1101 dicit,
1062 1031 1161 1093 alium
1182 1033 1335 1095 nimirum

221 1137 395 1216 nupturam
421 1154 455 1197 se
479 1134 711 1216 exspectavisse
734 1132 911 1195 thalamum
929 1131 1085 1195 indicans.
1129 1131 1241 1215 Itaque
1264 1153 1335 1196 cum

221 1235 329 1298 nullus
357 1235 499 1298 virorum
528 1235 694 1298 doctorum
723 1234 762 1297 de
790 1233 850 1298 hoo
873 1233 943 1297 loco
966 1254 1141 1298 consensus
1164 1234 1234 1308 fiat,
1263 1256 1336 1298 oon·

220 1337 361 1400 iacturae
384 1356 444 1418 ego
466 1335 573 1399 locum
595 1334 663 1399 dari
685 1339 774 1399 ratus
794 1356 941 1418 propono

373 1435 476 1533 durare
497 1449 609 1536 μόνῃν
628 1456 765 1536 ἔρημον,
790 1458 856 1517 stre
878 1451 951 1536 χρὴ
973 1459 1096 1516 θανεῖν

376 1547 518 1618 εῖτόὖν
539 1553 677 1638 τοιαύτῃ
700 1557 809 1633 ζῶσαν
832 1552 980 1637 ὑμνεῖν
1004 1554 1043 1618 ἐν
1065 1553 1164 1638 στέγῃ

94 1677 98 1685 “
221 1677 347 1738 servata
368 1673 579 1738 Laurentiani
606 1674 764 1756 scriptura
792 1670 855 1756 χρὴ
885 1676 918 1736 et
938 1675 1067 1755 recepta
1089 1673 1193 1737 forma
1215 1677 1336 1757 ζῶσαν,

222 1797 319 1857 quam
345 1775 408 1839 duo
437 1773 624 1857 apographa
652 1774 806 1838 exhibent
832 1774 1006 1856 multisque
1027 1776 1062 1837 in
1085 1774 1176 1837 libris
1199 1777 1339 1841 inveniri

222 1876 397 1940 Triclinius
431 1876 518 1941 dicit.
573 1875 715 1958 Respicit
744 1878 845 1957 igitur
872 1873 978 1940 Creon
1007 1876 1196 1958 Antigonae
1221 1874 1337 1952 ἀοιδαῖς

222 1978 279 2041 καὶ
305 1973 408 2059 γόους
435 1983 476 2056 (v.
500 1977 589 2057 883),
619 1999 696 2059 quas
725 1978 784 2041 sub
808 1981 895 2041 terra
916 1977 1005 2041 illam
1027 1977 1215 2041 continuare
1237 1978 1337 2042 iubet.

222 2074 329 2142 Facile
362 2080 468 2141 autem
503 2080 663 2161 corrumpi
696 2101 732 2141 ea
758 2083 854 2142 verba
881 2080 1024 2160 potuisse
1052 2079 1275 2161 perspicimus.
1310 2081 1338 2143 si

221 2181 361 2261 primum
382 2180 506 2243 librarii
528 2201 635 2244 errore
657 2201 715 2262 pro
732 2174 852 2263 ὑμνεῖν
869 2179 907 2244 ἐν
922 2181 1076 2263 scriptum
1092 2202 1161 2245 esse
1176 2176 1339 2264 ὑμνεύειν

221 2282 390 2364 fingimus,
419 2280 505 2363 quod
533 2281 666 2344 verbum
690 2283 822 2345 omnino
845 2304 912 2346 non
935 2285 1039 2346 exstat
1057 2294 1160 2365 'eaque
1183 2281 1223 2345 de
1245 2303 1339 2346 causa

61 2458 63 2467 y
135 2401 138 2407 ’
222 2383 383 2466 posteain
398 2384 581 2465 τυμβεύειν
597 2385 757 2446 mutatum
773 2385 823 2446 est
837 2384 896 2453 ita,
920 2386 957 2447 ut
971 2383 1067 2447 simul
1082 2387 1186 2448 metro
1202 2389 1338 2468 cogente

222 2484 441 2548 nominativus
469 2486 557 2562 ζῶσα
590 2505 648 2567 pro
678 2488 790 2563 ζῶσαν
818 2488 1007 2568 poneretur:
1033 2486 1271 2567 praepositione
1300 2486 1338 2551 ἐν

222 2585 286 2650 alio
313 2585 383 2650 loco
411 2585 583 2650 inserenda
609 2586 767 2669 particula
794 2576 859 2649 cdv
888 2608 945 2650 suo
968 2585 1040 2649 loco
1063 2584 1192 2650 demota
1213 2591 1273 2651 est.
1296 2623 1338 2635 -

223 2685 514 2751 Coniunctionibns
539 2691 713 2768 εῖτε-εῖτε,
735 2687 769 2750 id
789 2687 875 2769 quod
897 2687 1056 2769 reliquum
1079 2689 1187 2749 estut
1209 2688 1338 2754 demon·

223 2792 336 2860 strom,
359 2810 454 2870 saepe
476 2789 543 2852 sive
566 2788 713 2852 alterutri
735 2789 801 2851 sive
822 2790 951 2871 utrique
971 2779 1036 2851 οὖν
1057 2788 1246 2871 particulam
1263 2790 1338 2853 addi

222 2889 332 2953 multis
357 2893 389 2953 et
404 2889 556 2972 Aeschyli
579 2893 612 2953 et
627 2888 796 2972 Sophoclis
818 2889 897 2952 locis
920 2893 1063 2952 constat:
1086 2890 1165 2953 satis
1188 2891 1267 2954 mihi
1290 2893 1339 2954 est

118 3062 121 3067 Α
222 2991 370 3055 attulisse
392 2990 475 3058 Phil.
491 2991 567 3078 345,
591 2988 668 3055 Oed.
685 2990 723 3054 R.
743 2989 837 3061 1049,
861 2989 975 3054 Aesch.
992 2988 1135 3073 Ohoeph.
1149 2991 1220 3057 683.

169 3194 174 3207 ’
286 3188 460 3282 Oedipodis
475 3195 563 3274 regis
579 3157 689 3257 versus
708 3192 821 3276 122sq.
837 3194 883 3257 ita
898 3195 934 3256 nt
949 3192 1062 3258 traditi
1077 3197 1154 3258 sunt
1168 3194 1335 3277 leguntur:
1366 3224 1460 3269 coen.

1300 3291 1302 3296 ’
1371 3298 1453 3349 lesen.

350 3307 472 3392 λῃστὰς
494 3311 619 3392 ἔφασκε
642 3310 872 3393 συντυχόντας
893 3307 935 3375 οὐ
956 3317 1015 3396 μιᾷ

350 3407 444 3494 ῥώμῃ
467 3421 602 3475 κτανεῖν
624 3434 692 3491 νιν,
716 3408 800 3475 ἄλλα
823 3414 888 3476 σύν
911 3413 1036 3494 πλήθει
1058 3417 1176 3495 χερῶν.
1247 3464 1252 3477 ,

222 3529 358 3594 Offendo
392 3549 488 3610 quam
521 3531 657 3594 maxime
689 3531 725 3593 in
751 3531 811 3593 teli
838 3532 1013 3595 sententia:
1047 3531 1209 3611 „latrones
1237 3533 1336 3596 inter·

221 3631 369 3694 fecerunt
397 3651 467 3694 eum
496 3651 563 3695 non
590 3633 684 3695 unius
715 3632 842 3705 robore,
871 3630 928 3695 sed
955 3632 1130 3696 multorum
1156 3633 1337 3699 manibus“.

221 3729 382 3795 Medelam
404 3732 483 3795 satis
505 3731 611 3795 lenem
633 3731 708 3795 huic
730 3722 801 3797 loco
824 3731 981 3796 adhibens
1003 3735 1098 3798 velim
1120 3734 1279 3799 scribatur

350 3852 508 3934 λῃσταῖς
529 3850 656 3932 ἔφασκε
679 3853 909 3931 συντυχόντας
930 3846 972 3913 οὐ
993 3853 1052 3934 μιᾷ

350 3949 444 4035 ῥώμῃ
467 3960 604 4015 κτανεῖν
626 3947 712 4031 τιν’,
735 3946 820 4013 ἀλλὰ
841 3946 906 4014 συν
928 3950 1052 4032 πλήθει
1074 3956 1193 4034 χερσῖν.

221 4073 242 4140 i.
264 4092 289 4134 e.
316 4090 408 4152 „cum
437 4069 616 4134 latronibus
638 4087 830 4151 congressos
852 4071 961 4150 (quem
984 4071 1196 4134 accusativum
1218 4069 1337 4133 obiecti

222 4191 292 4235 esse
314 4171 475 4235 neminem
497 4173 625 4254 poterat
639 4168 766 4253 fugere)
785 4168 985 4234 interfecisse
1000 4171 1138 4253 aliquem
1153 4191 1219 4235 non
1235 4171 1335 4253 ipsius

221 4275 351 4335 tantum
373 4271 508 4347 viribus,
532 4271 587 4336 sed
610 4271 652 4335 ab
674 4271 747 4336 aliis
770 4271 879 4336 multis
902 4270 1079 4337 adiutum“.

1117 4377 1132 4423 2
