3192 4884
692 303 902 366 ..24-

240 474 362 557 ἐτάμα,
379 475 464 558 quod
480 472 663 537 Brunclrius
679 473 810 555 recepit.
855 471 937 537 Tum
953 473 1001 537 La
1016 474 1146 554 στίβου,
1170 472 1356 555 apographa

239 575 396 657 quaedam
419 578 547 658 στίβου.

302 676 384 759 lam,
424 680 461 740 ut
500 676 540 741 de
572 677 743 741 verborum
778 678 939 739 structura
970 697 1071 759 pauca
1101 677 1354 760 praemittamus,

238 777 425 842 Wunderus
443 780 556 862 ‘iungit
578 775 714 860 φθογγά
735 800 797 841 του
813 778 929 857 στίβου
944 776 1116 859 ἓρπουτος,
1138 776 1354 855 Burmannus,

240 875 430 962 Seyffertus,
460 876 649 955 Wecklinus
678 879 816 961 φθογγά
844 902 905 943 του
932 877 1094 961 ἕρποντος
1122 877 1191 942 κατ’
1203 876 1355 960 άυάγααυ

238 981 358 1062 στίβου
388 981 494 1065 (verus
524 980 564 1045 ad
592 1003 642 1044 me
670 978 786 1044 accidit
808 981 934 1044 sonitus
957 981 1134 1063 cuiuspiam
1156 981 1248 1063 gravi
1269 979 1356 1043 labo·

238 1081 388 1164 riosoque
410 1083 537 1147 incessu
558 1081 801 1165 ingredientis),
830 1080 1015 1145 Ellendtius
1042 1080 1249 1146 scholiastam
1270 1101 1355 1144 secu·

238 1184 290 1245 tus
315 1184 487 1266 (,,ἔξωθευ
506 1181 740 1267 προσληπτέον
761 1180 824 1267 τὴν
841 1183 940 1269 ἐπίίί)
963 1183 1127 1266 intellegit
1143 1181 1280 1265 φθογγά
1294 1204 1356 1245 του

237 1282 401 1365 ἕρποντας
424 1285 512 1371 (ἐπὶ)
535 1287 654 1368 στίβου
676 1283 746 1348 κατ’
758 1280 912 1366 άυάγααυ
935 1285 1034 1367 (viam
1054 1282 1268 1366 ingredientis
1284 1304 1356 1348 cum

238 1384 382 1471 laboral:
413 1407 472 1451 nos
501 1387 634 1451 facimus
664 1408 735 1450 cum
763 1384 982 1466 Buttmanno,
1010 1385 1170 1468 Bergkio,
1199 1384 1355 1466 Nauckio,

238 1485 326 1571 aliis,
343 1489 398 1570 qui
413 1510 484 1553 cum
499 1489 592 1553 libris
608 1487 800 1571 quibusdam
816 1489 933 1570 στίβον
948 1488 1095 1551 scribunt
1109 1487 1356 1570 comparentque

239 1588 293 1651 Αἰ.
309 1588 351 1653 30
373 1589 484 1672 πηδᾶν
507 1592 606 1654 πεδία
628 1589 682 1669 (cf.
698 1588 797 1653 Dind.
814 1590 853 1653 ad
878 1588 910 1652 h.
926 1589 962 1670 l.)
986 1592 1019 1653 et
1040 1588 1103 1652 alia
1123 1588 1157 1652 id
1180 1608 1292 1671 genua.

302 1688 383 1754 Post
411 1689 661 1774 Buttmannum,
689 1691 744 1773 qui
773 1688 879 1773 ἐτίμα
906 1692 942 1754 in
970 1693 1074 1774 ἔτυμα
1102 1693 1226 1755 mutare
1254 1689 1358 1753 voluit

241 1811 277 1854 eo
301 1796 508 1876 argumento,
530 1792 617 1875 quod
640 1815 707 1856 non
729 1793 850 1856 usitata
873 1796 957 1856 esset
980 1793 1084 1857 forma
1105 1792 1200 1857 huius
1215 1792 1356 1855 nominis

239 1890 445 1977 feminiua1),
473 1893 615 1958 offendit
628 1895 663 1958 in
687 1893 796 1958 eadem
819 1915 896 1958 voce
917 1891 1098 1976 Nauckius,
1122 1895 1193 1977 qui,
1221 1896 1259 1957 ut
1280 1892 1358 1956 dicit

241 1992 346 2072 „duce
368 1994 586 2060 Laurentiano
615 1993 760 2079 codice“,
789 1994 908 2077 βάλλει
936 1994 1054 2076 βάλλει
1076 1994 1188 2079 μίτοι
1211 1995 1244 2057 in
1267 1997 1358 2057 textu

239 2097 349 2177 posuit
376 2097 574 2180 mutavitque
596 2096 714 2161 idcirco
737 2099 773 2160 in
795 2096 999 2180 antistropha
1021 2119 1049 2161 v.
1064 2097 1127 2160 214
1148 2095 1358 2161 Laurentiani

239 2196 432 2280 scripturam
460 2195 505 2273 άς
532 2195 657 2282 ποιμὴν
679 2195 869 2282 άγροβάτας
890 2198 941 2262 vel
962 2199 1071 2282 potius
1092 2197 1258 2281 vulgatam
1284 2217 1358 2280 apo-

238 2297 438 2380 graphorum
462 2295 650 2382 άγοοβότας
671 2303 706 2363 in
729 2297 774 2375 άς
796 2321 829 2363 π.
854 2297 1008 2382 άγρότας.

303 2398 352 2463 Ac
379 2400 542 2484 vulgatam
570 2423 611 2465 ne
639 2422 700 2485 ego
728 2401 859 2484 quidem
888 2402 1078 2485 scripturam
1101 2400 1266 2465 ferendam
1290 2420 1359 2464 csse

238 2520 363 2566 censeo.
409 2506 605 2585 Quamquam
634 2504 711 2568 alias
739 2524 866 2587 quoque
893 2501 1078 2567 huiusmodi
1100 2503 1272 2566 inusitatas
1294 2501 1359 2566 for·

239 2623 309 2666 mas
331 2626 350 2667 a
371 2606 521 2687 tragicis,
544 2605 601 2669 ubi
623 2608 716 2688 aptae
738 2606 825 2695 visae
846 2606 929 2685 sint,
951 2605 1098 2688 usurpari
1113 2625 1187 2667 vere
1202 2601 1360 2666 Herman-

240 2724 301 2766 nus
328 2709 448 2770 monet.
492 2706 538 2769 At
565 2727 637 2770 cum
663 2709 850 2789 reputamus
877 2727 982 2789 neque
1009 2705 1110 2769 libros
1132 2707 1262 2770 nostros
1285 2724 1359 2766 con·

237 2807 361 2869 sentire
384 2811 416 2871 et
438 2829 473 2871 re
494 2829 569 2872 vera
583 2806 770 2872 adverbium
785 2809 894 2891 potius
912 2806 1041 2889 ἐτύμως
1055 2828 1152 2889 quam
1165 2804 1359 2869 adiectivum

239 2909 435 2989 exspectari,
457 2908 563 2973 lenem
585 2909 743 2974 medelam
765 2910 835 2974 loco
858 2908 1027 2974 admovere
1046 2929 1114 2972 non
1130 2907 1359 2972 dubitabimus.

240 3006 331 3072 Talis
354 3013 462 3073 autem
483 3009 564 3074 mihi
585 3011 713 3075 videtur
733 3033 800 3076 non
817 3032 886 3076 esse
901 3010 1039 3076 Nauckii
1054 3009 1193 3092 medela,
1217 3009 1359 3091 quicum

239 3110 276 3172 in
297 3109 431 3193 stropha
453 3111 608 3194 syllabam
631 3135 728 3177 unam
743 3136 762 3177 a
776 3114 869 3178 libris
885 3115 1072 3177 constanter
1085 3109 1239 3175 traditam
1255 3109 1361 3173 deleat

239 3213 310 3274 tum
337 3212 372 3275 in
400 3212 619 3296 antistropha,
647 3217 684 3277 ut
712 3217 851 3278 metrum
874 3217 1044 3298 exaequet,
1073 3234 1132 3296 pro
1160 3209 1358 3294 άγροβότης,

241 3312 328 3395 quod
354 3314 545 3378 vocabulum
572 3335 704 3400 prorsus
732 3319 820 3380 recte
842 3337 876 3380 se
898 3316 997 3380 habet
1019 3315 1116 3398 („qui
1138 3314 1173 3376 in
1196 3314 1281 3397 agris
1304 3334 1359 3395 pa·

241 3415 339 3495 scit“,
362 3414 402 3480 cf.
417 3413 661 3502 Euaeyclur)
682 3415 827 3500 άγρότης
840 3420 955 3501 ponat,
978 3415 1063 3499 quod
1082 3414 1166 3498 apud
1182 3413 1358 3479 Homerum

241 3517 396 3580 rusticum
419 3518 523 3581 virum
545 3517 723 3601 significat,
746 3517 831 3602 apud
855 3517 1047 3602 Sophoclem
1069 3517 1202 3581 omnino
1225 3537 1292 3580 non
1310 3536 1360 3580 oc·

241 3619 350 3682 currit.
400 3618 527 3702 Itaque,
557 3640 598 3683 ne
626 3619 744 3701 longus
772 3622 849 3703 sim,
877 3620 996 3683 reiecta
1018 3617 1157 3683 Nauckii
1179 3618 1360 3682 mutatione
1422 3671 1426 3678 .

240 3737 304 3801 ego
326 3739 488 3803 propono:

444 3817 561 3900 βάλλει
582 3820 701 3902 βάλλει
722 3845 769 3906 με
789 3818 901 3907 θαμά
924 3822 1061 3904 φθογγά
1084 3824 1155 3885 κτλ.

311 4010 336 4076 1)
354 4005 459 4060 Eadem
485 4008 519 4061 de
545 4024 627 4063 causa
649 4006 800 4076 Seyffertus
822 4006 932 4077 scripsit
953 4006 1049 4075 βάλλει
1070 4004 1099 4075 μ’
1111 4003 1220 4075 ἔτομίἶ
1242 4000 1361 4076 φθογγιί

242 4109 304 4159 του,
321 4090 352 4145 in
369 4106 425 4158 quo
442 4094 572 4155 neutrum
590 4091 677 4160 ἔτυμα
694 4110 771 4149 more
782 4092 929 4148 Homerico
947 4093 1082 4162 positum,
1101 4091 1250 4146 articulum
1267 4093 1361 4145 autem

242 4177 278 4230 ad
296 4164 513 4231 confirmandam
530 4177 570 4232 rei
587 4163 734 4233 veritatem
746 4178 923 4247 aptissimum
935 4194 993 4233 esse
1005 4177 1080 4235 dicit.
1115 4176 1244 4231 Ceterum
1257 4172 1360 4243 ἐτίμας

242 4260 346 4329 legitur
363 4260 391 4314 in
410 4259 489 4321 inser,
507 4262 638 4317 lacunosa
649 4262 817 4318 Hermionae
828 4266 947 4333 reperta,
964 4280 1007 4332 ap.
1020 4261 1140 4317 Boeolrh.
1152 4261 1206 4322 vol,
1220 4261 1242 4326 1,
1261 4279 1288 4329 p.
1302 4266 1361 4329 599,

242 4350 397 4410 amma
