3192 4884
688 293 894 357 „23-

298 463 360 529 Sed
393 464 493 527 altera
524 483 617 527 causa
650 463 786 546 accedit,
821 485 876 526 cur
909 462 1026 526 codicis
1059 463 1216 545 scriptura
1244 465 1350 546 λῆγον
1442 527 1445 533 ,
1483 467 1490 469 “

232 567 338 630 minus
361 563 441 629 mihi
461 564 595 648 placeat.
631 563 714 628 Nam
737 566 764 628 si
786 566 941 628 vertimus
963 562 1105 637 „famam
1124 564 1189 628 late
1206 565 1349 647 divulga·

233 673 299 730 tam
322 670 355 731 et
377 687 456 749 qaae
478 666 610 730 minime
634 664 776 728 desinit“
800 687 842 728 sc.
866 665 1040 748 divulgari,
1063 667 1098 729 in
1113 668 1219 730 verbis
1234 670 1349 750 poetae

233 769 322 832 nulla
354 770 458 831 exstat
490 769 595 842 notio,
631 789 668 831 ex
701 788 764 850 qua
796 767 876 831 illud
908 768 1039 830 verbum
1068 768 1348 849 subintellegatur,

233 872 350 954 quippe
372 891 443 934 eum
466 892 504 933 ex
526 868 682 933 adiectivo
705 867 792 932 πολύ
815 869 946 932 verbum
962 869 1061 932 veluti
1078 869 1283 951 ἐκφέρεσθαι
1298 870 1349 933 vel

233 971 449 1035 διαδίδοσθαι
477 972 620 1054 suppleri
646 993 713 1035 non
742 971 855 1054 possit.
902 970 1036 1033 Diversa
1063 974 1169 1034 autem
1196 972 1263 1034 eius
1285 971 1349 1035 Ioci

232 1074 315 1136 ratio
344 1074 407 1148 est,
439 1094 533 1156 quem
562 1071 725 1136 Nauckius
753 1073 847 1136 affert
875 1094 912 1135 ex
940 1071 1105 1154 Oedipode
1131 1071 1220 1154 Rege
1249 1073 1347 1150 (731),

233 1175 287 1238 ubi
310 1174 350 1238 ad
373 1171 504 1257 λήξαντ’
517 1177 584 1257 ἔχει
606 1174 700 1238 facile
722 1174 889 1257 suppletur
913 1171 1103 1257 αὐδώμενα.

95 1398 215 1444 σοι-σοι.
295 1378 388 1441 Alter
409 1379 497 1442 locus
517 1379 701 1442 continetur
715 1400 808 1442 versu
824 1379 895 1442 866.
942 1375 1129 1448 Creontem,
1152 1378 1206 1459 qui
1221 1377 1348 1441 Ismene

131 1470 180 1513 ⁸⁶⁶·
232 1480 295 1542 iarn
324 1482 399 1543 ante
426 1480 560 1562 abrepta
583 1479 635 1560 (cf.
653 1479 785 1562 818sq.)
815 1481 911 1543 etiam
934 1479 1136 1562 Antigonam
1165 1465 1261 1542 modo
1291 1500 1348 1561 per

231 1582 294 1643 vim
325 1580 458 1644 abduxit
485 1583 581 1663 atque
604 1581 682 1646 adeo
705 1582 740 1644 in
762 1603 870 1645 senem
894 1582 1000 1664 ipsum
1022 1601 1136 1644 manus
1158 1581 1221 1644 iam
1244 1582 1348 1644 inten-

232 1684 293 1751 tat,
318 1681 458 1764 Oedipus
481 1685 669 1746 exsecratur.
715 1682 837 1746 Verum
860 1684 935 1766 quia
956 1683 992 1746 in
1008 1685 1080 1746 luco
1096 1681 1265 1745 Furiarum
1281 1704 1349 1745 ver-

232 1787 328 1857 satur,
358 1806 438 1867 quae
468 1780 615 1868 εὐφημίᾳ
643 1784 693 1847 vel
721 1786 944 1848 taciturnitate
973 1784 1126 1848 colendae
1155 1786 1261 1857 erant,
1288 1784 1346 1846 has

232 1887 327 1948 antea
349 1889 434 1960 orat,
462 1895 497 1949 ut
519 1886 581 1950 sibi
603 1885 698 1950 liceat
720 1907 827 1949 coram
849 1886 928 1968 ipsis
951 1886 1090 1950 filiarum
1111 1888 1273 1969 raptorem
1298 1906 1348 1948 ex-

231 2007 362 2050 sacrari:

586 2069 629 2154 μὴ
651 2070 716 2154 γὰρ
739 2072 813 2136 αἵδε
835 2072 991 2155 δαίμονες

382 2172 477 2237 dcliv
500 2169 527 2256 μ’
542 2170 683 2254 ἄφωνον
705 2174 802 2257 τῆςδε
824 2178 882 2257 τῆς
904 2170 988 2256 ἀρᾶς
1010 2177 1075 2255 ἔτι,
1146 2195 1196 2244 865
1269 2216 1271 2218 v
1329 2166 1333 2175 ⁴

384 2270 420 2350 ὅς
441 2272 484 2358 μ’,
509 2265 534 2338 oi
558 2273 710 2355 κάκιστε,
733 2270 836 2353 ψιλὸν
859 2273 933 2359 ὄμμ’
947 2272 1147 2351 ἀποσπάσας

384 2373 468 2459 πρὸς
489 2373 635 2460 ὄμμασιν
657 2387 727 2452 τοῖς
748 2377 901 2461 πρόσθεν
925 2378 1045 2461 ἐξοίχει
1066 2381 1134 2461 βία.

169 2496 172 2503 “
231 2494 295 2557 Vix
324 2498 386 2568 est,
415 2493 501 2578 quod
526 2517 673 2559 moneam
694 2517 874 2579 pronomen
897 2497 1066 2560 relativum
1089 2494 1143 2577 ὅς,
1171 2493 1257 2578 quod
1279 2516 1347 2558 non

230 2595 348 2660 habere
370 2596 506 2672 videtur,
530 2619 592 2680 quo
615 2596 781 2671 referatur,
804 2596 1007 2661 referendum
1028 2619 1097 2662 esse
1112 2597 1152 2660 ad
1166 2617 1346 2679 pronomen

231 2697 315 2781 quod
344 2699 379 2761 in
408 2698 671 2763 antecedentibus
700 2699 792 2773 latet,
822 2702 986 2782 tamquam
1009 2701 1036 2762 si
1060 2698 1228 2762 antecedat
1249 2697 1347 2780 τήςδε

229 2804 288 2882 τῆς
320 2798 403 2883 ἀρᾶς
433 2805 491 2883 τῆς
520 2801 554 2875 ἐς
583 2799 630 2864 σε’.
687 2792 779 2875 Quod
812 2802 881 2865 fieri
909 2822 1004 2884 posse
1032 2801 1171 2864 editores
1199 2800 1346 2882 pluribus

231 2902 383 2985 exemplis
410 2902 642 2984 probaverunt,
671 2901 727 2965 sed
753 2903 844 2967 nullo
873 2903 1028 2966 similiore
1056 2902 1131 2965 huic
1157 2902 1228 2965 loco
1252 2923 1347 2985 quam

228 3026 257 3065 v.
280 3004 336 3066 731
360 3024 406 3085 sq.
439 3002 580 3067 eiusdem
613 3003 741 3068 fabulae
774 3009 832 3087 τῆς
866 3005 946 3087 ἐμῆς
975 3004 1171 3085 ἐπεισόδου,
1205 2999 1246 3066 ὃν
1275 2990 1347 3085 μήτ’

230 3100 360 3168 ὀκνεῖτε
390 3108 462 3168 κτλ.
512 3104 638 3169 Deinde
670 3103 758 3189 ὄμμα
787 3109 873 3169 recte
896 3106 1069 3170 scholiasta
1091 3106 1259 3169 adnotavit
1281 3105 1348 3168 An·

227 3207 375 3289 tigonam
404 3207 567 3291 intellegi,
596 3229 676 3291 quae
700 3228 754 3271 cur
776 3208 822 3271 ita
845 3207 976 3281 dicatur,
1005 3229 1043 3271 ex
1064 3207 1210 3272 versibus
1232 3207 1274 3270 33
1289 3227 1346 3288 sq.²

233 3308 292 3372 14ss
304 3331 350 3392 sq.
372 3310 450 3373 satis
474 3311 591 3392 elucet3
622 3308 677 3372 sed
700 3332 729 3373 v.
746 3309 807 3372 867
830 3310 871 3372 ab
893 3309 1033 3393 figurato
1055 3308 1201 3374 vocabuli
1224 3329 1285 3371 usu
1306 3306 1347 3371 ad

228 3411 394 3493 proprium
410 3411 543 3475 transiri
559 3412 687 3475 constat
703 3411 790 3473 inter
807 3431 928 3475 omnes.
961 3410 1029 3475 lam
1047 3432 1122 3475 vero
1139 3406 1242 3487 ψιλόν
1256 3430 1348 3474 voca·

229 3512 341 3576 bulum
368 3511 545 3577 editoribus
571 3513 671 3576 iustas
699 3511 917 3577 dubitationes
943 3513 1054 3576 movit.
1099 3513 1206 3594 Atque
1229 3510 1348 3575 Volclr-

230 3634 336 3678 marus
365 3613 494 3697 quidem
524 3614 610 3677 solus
633 3614 668 3676 in
690 3613 807 3681 Philol.
821 3612 934 3678 XXIII
957 3613 1065 3695 (1866)
1088 3610 1190 3690 ψιλὸν
1212 3613 1252 3677 ad
1274 3634 1347 3696 pro-

227 3736 348 3779 nomen
370 3714 410 3799 μὲ
431 3713 635 3779 referendum
657 3714 825 3779 iudicavit:
849 3716 934 3798 quod
953 3715 1022 3778 fieri
1038 3737 1105 3780 non
1120 3718 1244 3798 potest,
1268 3736 1347 3798 quo-

228 3818 316 3880 niam
344 3812 432 3900 ὄμμα
459 3818 524 3879 nisi
547 3817 653 3900 aliquo
676 3816 772 3881 modo
795 3838 872 3881 voce
894 3814 995 3895 ψιλὸν
1018 3818 1195 3881 accuratius
1219 3815 1347 3880 definiri

228 3922 378 4001 putamus
408 3920 540 3982 omnino
568 3940 634 3983 non
661 3919 873 4002 intellegItur.
917 3917 1030 4001 Itaque
1051 3918 1221 3985 Jacobsius
1244 3917 1346 3994 ψιλὸν

229 4021 460 4103 interpretatur
487 4042 545 4103 per
573 4015 743 4102 σίσδενές,ι
759 4023 806 4084 ita
833 4024 869 4084 ut
891 4021 1040 4084 miseram
1063 4021 1250 4104 Antigonae
1273 4040 1348 4083 oon-

229 4119 387 4184 dicionem
412 4122 501 4186 omni
524 4122 642 4186 auxilio
667 4122 840 4186 destitutae
862 4123 1078 4206 significatam
1101 4126 1208 4206 putet,
1236 4122 1345 4185 nescio

227 4242 270 4284 an
298 4222 404 4285 minus
425 4222 637 4305 probabiliter
659 4222 723 4305 (vd.
744 4246 826 4307 quae
848 4223 1054 4288 Hermannus
1077 4227 1190 4288 contra
1211 4222 1347 4287 eandem

227 4319 366 4404 Reisigii
388 4324 582 4387 sententiam
605 4323 751 4405 adnotat)
780 4347 876 4409 quam
898 4325 1100 4399 Dindorfius,
1131 4326 1185 4408 qni
1208 4324 1348 4407 explicat
