3192 4884
690 289 899 353 ...31-

390 464 545 526 συλώντα
567 457 653 544 adad
675 459 731 523 καὶ
752 455 793 521 rol
815 463 883 522 τῶν
904 461 998 521 θεῶν
1020 458 1077 538 βίᾳ
1230 450 1473 514 '2122 M

389 562 516 645 ίίγοντα
539 565 663 645 φωτῶν
686 559 817 624 ἀθλίων
840 555 981 642 ίκτήρια.

238 684 359 766 Agitur
390 681 541 745 videlicet
575 683 716 744 extremo
750 699 845 743 versu
878 678 917 741 de
950 677 1018 741 solo
1047 676 1225 759 Oedipode,
1260 696 1355 759 quem

236 784 366 849 filiabus
396 783 537 866 abreptis
561 779 667 846 Creon
693 782 757 844 iam
786 779 826 844 ad
850 802 919 843 eam
942 778 1107 842 audaciam
1129 777 1290 860 procedit,
1318 780 1355 842 ut

238 889 345 969 ipsum
374 906 500 968 quoque
529 883 687 948 abducere
714 885 863 947 conetur:
892 881 947 964 qui
974 879 1059 962 quod
1082 879 1199 963 plurali
1221 901 1354 943 numero

123 1015 129 1023 ·
241 991 350 1070 φῶτες
372 985 487 1050 ίίθλιοι
509 984 720 1068 significatur,
743 983 776 1047 id
800 1006 819 1047 a
839 986 1007 1066 poetarum
1026 1002 1087 1044 usu
1102 1002 1168 1044 non
1184 979 1356 1045 abhorrere

236 1091 383 1162 constat,
406 1088 461 1151 vd.
474 1085 596 1151 Nauck.
616 1086 655 1150 ad
672 1087 749 1154 Ant.
764 1107 792 1149 v.
810 1085 859 1148 10.
897 1081 959 1148 Sed
975 1084 1009 1145 in
1025 1082 1179 1146 insolenti
1194 1082 1357 1147 locutione

241 1197 365 1273 φυτῶν
393 1186 525 1253 ἀθλίων
553 1184 686 1270 λυτήρια
714 1185 858 1259 offendo,
888 1206 983 1268 quam
1011 1185 1203 1267 interpretes
1230 1186 1357 1247 tantum

240 1314 308 1356 non
331 1312 441 1356 omnes
463 1290 549 1353 idem
572 1289 677 1353 valere
698 1291 816 1371 putant
838 1286 924 1370 quod
947 1289 1061 1368 φῶτας
1083 1281 1224 1360 ἀθλίους
1247 1284 1357 1366 ίκετη-

242 1396 338 1476 βίους
360 1391 535 1476 (quomodo
559 1389 593 1453 id
607 1391 678 1454 fieri
692 1392 816 1474 posset,
839 1409 934 1452 nemo
951 1387 1059 1467 dixit);
1081 1407 1164 1450 unus
1180 1385 1358 1450 Vauviller-

242 1497 308 1559 sius
336 1494 430 1557 aliter
456 1495 570 1574 sentit,
600 1493 714 1557 miram
736 1492 792 1556 ille
815 1490 943 1573 quidem
965 1488 1266 1572 interpretationem
1289 1487 1358 1570 ipse

239 1617 368 1679 quoque
396 1594 584 1659 admovens:
619 1595 647 1658 ei
676 1594 762 1657 enim
791 1591 955 1675 „insignia
982 1588 1204 1674 supplicandi“
1235 1589 1359 1671 signifi-

239 1698 307 1762 cari
335 1697 492 1771 videntur,
523 1696 639 1778 quibus
667 1694 819 1760 mortales
848 1693 887 1757 ad
918 1693 993 1757 deos
1017 1690 1184 1763 accedunt,
1208 1689 1358 1772 —quod

241 1798 374 1862 minime
395 1818 465 1861 oum
488 1798 585 1861 verbo
608 1794 705 1878 ίίγειν
728 1798 779 1880 „vi
801 1816 905 1859 secum
922 1793 1070 1857 trahere“
1087 1792 1249 1856 conciliari
1264 1812 1359 1875 posse

241 1899 427 1964 Ellendtius
449 1902 535 1963 recte
557 1902 677 1962 monet.
723 1896 846 1973 Quodsi
861 1895 901 1960 ad
917 1895 1103 1979 opinionem
1119 1892 1279 1957 editorum
1294 1892 1361 1957 vul·

243 2005 354 2083 getam
387 2000 586 2074 revertimur,
620 2021 750 2083 parvam
782 2020 820 2062 ea
847 1998 946 2061 habet
973 1995 1244 2081 probabilitatem.
1296 1990 1361 2057 Cur

245 2103 331 2165 enim
353 2104 463 2185 poeta,
493 2122 564 2165 cum
586 2105 697 2185 posset
719 2104 834 2182 φῶτας
856 2096 997 2174 ἀθλίους
1020 2097 1188 2181 ίκτηρίους
1211 2095 1359 2168 scribere,

245 2205 380 2267 obseura
408 2203 465 2267 illa
486 2202 649 2266 locutione
671 2203 720 2265 uti
742 2202 906 2274 maluerit,
935 2221 1002 2264 non
1023 2198 1190 2281 intellego.
1235 2196 1361 2261 Similia

242 2307 354 2369 autem
380 2304 525 2387 exempla
546 2304 643 2368 allata
664 2325 731 2367 non
754 2308 844 2375 sunt,
870 2301 935 2366 nisi
957 2301 1042 2366 forte
1065 2303 1136 2384 quis
1157 2303 1250 2383 putat
1271 2299 1359 2370 loeis,

246 2406 301 2489 qui
328 2407 375 2468 ita
402 2408 480 2469 sunt
507 2407 681 2488 comparati
709 2408 746 2468 ut
772 2427 801 2468 v.
820 2405 880 2468 701
905 2404 1039 2487 φύλλον
1067 2403 1198 2482 ἐλαίας,
1229 2401 1310 2464 1693
1334 2390 1361 2464 ui

1 2539 3 2600 ;
135 2552 137 2556 »
244 2505 370 2589 δίδυμα
392 2507 521 2570 τέκνων
543 2504 679 2590 ἀρίστα,
703 2504 786 2569 Phil.
803 2506 880 2578 314,
904 2505 963 2569 321
979 2503 1164 2577 Ὀδυσσέως
1186 2505 1260 2584 βία,
1284 2499 1361 2565 Oed.

246 2608 285 2672 R.
302 2608 364 2672 830
394 2612 488 2672 θεῶν
517 2607 632 2691 σέβας,
667 2629 704 2672 ea
731 2607 770 2672 de
798 2608 915 2691 quibus
942 2607 1068 2690 agimus
1096 2604 1193 2668 verba
1221 2602 1359 2666 defendi.

245 2710 316 2785 Qua
338 2710 377 2773 de
400 2731 494 2774 causa
516 2710 551 2772 in
573 2710 634 2773 hoe
655 2730 761 2783 versu,
784 2709 881 2773 modo
904 2691 946 2772 ne
968 2705 1160 2791 aSophocle
1180 2704 1363 2769 abiudioan·

245 2812 305 2873 dus
328 2813 384 2885 sit,
408 2810 505 2874 scribi
523 2810 619 2873 velim
643 2811 775 2891 φωτὸς
798 2806 947 2874 ἀθλίου
968 2810 1171 2892 βακτηρία
1188 2806 1296 2887 (dual.)
1311 2805 1362 2868 vel

245 2907 413 2994 βακτήρια
435 2911 563 2994 (plural.
585 2911 732 2974 vocabuli
754 2908 950 2993 βαντήριον,
974 2912 1037 2992 quo
1052 2908 1286 2993 Aristophanes
1301 2909 1364 2971 uti·

247 3016 330 3093 tur),
353 3012 400 3075 ita
421 3014 458 3075 ut
479 3012 648 3094 Antigona
670 3015 702 3075 et
718 3012 847 3075 Ismene
869 3012 960 3094 quasi
977 3012 1090 3075 bacula
1104 3012 1154 3074 vel
1170 3010 1364 3075 adminicula

248 3113 349 3196 patris
378 3112 516 3176 infelicis
544 3113 763 3176 nominentur.
810 3111 1009 3195 Quamquam
1037 3134 1096 3177 neo
1118 3113 1283 3196 βακτηρία
1304 3132 1364 3175 neo

247 3215 433 3297 decapoleos
455 3213 539 3296 apud
559 3212 751 3297 Sophoclem
773 3217 830 3278 aut
843 3214 1037 3298 Aeschylum
1058 3210 1124 3299 legi
1147 3236 1214 3279 non
1235 3215 1363 3296 ignoro.

249 3313 314 3380 Sed
341 3314 453 3379 eodem
474 3337 572 3379 sensu
593 3316 628 3377 in
650 3315 710 3379 hae
731 3315 841 3380 fabula
863 3339 890 3384 v.
905 3317 967 3380 848
990 3313 1119 3381 οὔκουν
1141 3311 1211 3380 τοτ’
1225 3314 1262 3379 ἐκ
1284 3312 1364 3378 τού-

251 3439 324 3481 τοιν
358 3440 396 3499 γε
430 3413 473 3501 μὴ
506 3415 692 3501 σνήτττροτν
720 3420 768 3482 ἔτι
796 3415 1021 3502 ὁδοιπορήσῃς
1047 3419 1168 3501 legitur
1197 3419 1243 3488 et,
1278 3415 1364 3498 quod

250 3518 349 3581 etiam
381 3521 487 3602 aptius
524 3540 595 3583 eum
628 3539 666 3583 eo
700 3518 739 3583 de
772 3541 835 3602 quo
870 3521 995 3603 agimus
1028 3540 1120 3584 versu
1154 3520 1364 3599 eomparatur,

250 3642 280 3683 v.
299 3619 381 3683 1109
409 3613 436 3685 τί
459 3624 643 3704 σκῆπτρα
674 3620 815 3703 φωτός.
860 3621 968 3704 Atque
997 3621 1059 3684 hoe
1085 3621 1156 3702 ipso
1182 3618 1252 3683 loco
1274 3620 1365 3683 nisus

250 3720 450 3804 singularem
480 3743 606 3805 quoque
633 3744 802 3787 numerum
831 3723 942 3805 φωτὸς
969 3718 1092 3786 ἀθλίου
1121 3720 1366 3804 praeferendum

251 3825 345 3906 puto,
361 3824 549 3905 praesertim
564 3845 635 3889 oum
649 3826 818 3908 reputetur
831 3823 986 3888 vocabulo
1003 3822 1168 3906 βακτήρια
1183 3824 1219 3886 in
1235 3821 1367 3905 ίκτήρια

252 3927 418 4007 corrupto,
447 3945 489 3988 ne
518 3924 624 3990 hiatus
650 3925 797 3991 ordinem
819 3925 989 3990 verborum
1011 3925 1170 3999 turbaret,
1198 3943 1367 3988 numerum

250 4025 405 4108 pluralem
429 4046 488 4109 pro
511 4028 669 4110 singulari
691 4027 788 4092 scribi
810 4047 939 4091 necesse
962 4025 1070 4091 fuisse,

316 4311 470 4377 Eiusdem
493 4312 620 4377 fabulae
641 4336 752 4379 versus
778 4297 939 4398 1235⁵sqq.
962 4316 1009 4379 ite
1030 4316 1199 4399 leguntur:

1388 4340 1444 4388 (led.
1456 4342 1508 4386 Col.

1415 4415 1477 4457 123⁶.
