3192 4884
696 293 908 357 „13-

306 462 374 526 Iam
402 483 477 526 vero
506 482 678 544 exponam,
708 461 786 545 quid
814 462 895 525 mihi
923 460 1031 526 videar
1054 462 1114 527 hac
1137 465 1361 532 emendatione

242 567 406 630 assecutus
436 585 513 628 esse.
556 561 700 626 Primum
723 564 825 645 enirn,
854 564 929 646 quia
956 585 1041 628 nunc
1067 588 1149 630 unus
1172 566 1289 649 aliquis
1312 572 1360 632 est

243 663 260 730 ὁ
295 663 428 729 κτανών
462 670 504 746 (v.
531 665 620 747 139).‚
656 665 778 747 optime
810 665 961 727 convenit
988 665 1068 729 illud
1098 663 1139 730 οὐ
1166 669 1225 751 μιᾷ
1254 668 1360 754 ῥώμῃ,

243 766 329 851 quod
358 767 386 829 si
414 764 454 829 de
480 765 626 849 pluribus
648 765 830 829 latronibus
854 764 978 837 dicitur,
1007 787 1074 830 non
1095 769 1191 834 modo
1214 793 1362 853 superva-

243 889 377 933 caneum
406 866 462 932 sed
489 887 621 949 prorsus
648 868 698 930 est
723 867 886 949 ineptum3
916 865 956 934 cf.
984 869 1081 933 etiarn
1108 870 1207 934 schol.
1230 875 1296 935 ant.
1320 872 1360 936 ad

246 970 306 1033 122
341 966 392 1033 Οὐ
417 972 476 1052 μιᾷ
506 963 613 1054 ῥώμῃ]
640 965 731 1030 Ἀντὶ
758 973 830 1044 τοῦ,
864 965 926 1049 οὐχ
952 968 1012 1032 ἕνα
1039 972 1158 1053 μόνον,
1193 969 1278 1036 oillei
1304 975 1360 1036 καὶ
1447 960 1452 971 ’

244 1070 407 1152 πολλούς,
432 1091 512 1153 quae
534 1069 632 1133 verba
654 1069 724 1151 ipse
744 1088 871 1150 quoque
893 1068 933 1132 ad
955 1091 1135 1153 pronomen
1154 1070 1230 1137 rivel
1252 1076 1360 1138 viden·
1418 1154 1420 1157 Ι

243 1177 297 1237 tur
319 1176 473 1256 spectare.
518 1168 643 1234 Deinde
665 1169 839 1233 liberamus
861 1173 1057 1235 sententiam
1078 1176 1270 1256 pronomine
1293 1176 1359 1256 vlo,

244 1273 284 1339 ad
317 1273 402 1357 quod
435 1270 691 1355 intellegendum
724 1292 826 1353 usque
854 1270 893 1335 ad
926 1294 953 1334 v.
979 1274 1040 1337 115
1067 1274 1265 1340 redeundum
1299 1281 1361 1358 est,'

245 1377 391 1460 quamvis
413 1374 533 1439 multae
556 1393 592 1436 ac
613 1373 719 1436 variae
740 1374 920 1437 sententiae
942 1374 1153 1458 interpositae
1168 1378 1242 1442 sint.
1278 1377 1360 1443 Tum

244 1500 282 1541 ex
310 1479 422 1541 nostra
450 1476 633 1549 coniectura
660 1473 740 1537 duos
769 1473 843 1538 illos
866 1496 976 1539 versus
998 1477 1114 1541 melius
1135 1480 1232 1561 atque
1254 1481 1359 1563 aptius
1450 1549 1452 1551 .

244 1583 277 1644 et
305 1600 376 1643 cum
401 1579 442 1640 iis
462 1577 520 1660 qui
543 1575 738 1640 antecedunt
760 1578 793 1639 et
815 1596 888 1639 cum
910 1577 949 1640 iis
973 1579 1027 1660 qui
1050 1582 1228 1661 sequuntur
1250 1580 1360 1645 cohae-

243 1702 313 1744 rere
346 1679 479 1747 videbis.
530 1678 617 1742 Ante
652 1678 738 1741 enim
771 1697 843 1740 cum
877 1677 999 1742 dictum
1031 1680 1075 1743 sit
1104 1685 1232 1763 praeter
1260 1705 1360 1747 unum

243 1803 354 1847 omnes
377 1781 464 1863 regis
488 1780 621 1844 comites
643 1799 715 1842 cum
737 1780 808 1862 ipso
832 1779 971 1844 occisum
995 1800 1064 1845 esse
1086 1785 1127 1862 (v.
1147 1782 1238 1866 118),
1264 1786 1358 1848 etiam

242 1886 277 1948 in
308 1905 337 1947 v.
366 1882 425 1946 122
460 1902 537 1946 voce
579 1880 812 1962 συντυχόντας
847 1883 957 1962 aperte
996 1881 1108 1948 caedes
1148 1886 1361 1969 complurium

241 1985 428 2068 respicitur3
458 1985 571 2066 postca
597 2003 673 2045 vero
697 1979 838 2064 Oedipus
857 1982 902 2045 de
925 1983 1051 2047 latrone
1073 1988 1167 2066 (uno,
1197 1983 1214 2049 ὁ
1237 1984 1361 2071 λῃστής
1424 2020 1426 2024 ·

242 2108 270 2154 v.
288 2085 361 2166 124)
389 2084 478 2167 loqui
507 2106 574 2148 non
595 2088 721 2167 posset,
752 2085 779 2146 si
803 2081 909 2148 Creon
932 2083 1051 2148 diserte
1073 2085 1201 2151 caedem
1223 2110 1242 2151 a
1264 2088 1360 2153 lutro-

242 2188 339 2251 nibus
362 2185 473 2249 multis
496 2185 612 2249 factam
637 2206 706 2249 esse
729 2183 878 2264 dixisset,
902 2185 952 2249 vel
974 2186 1038 2250 nisi
1055 2184 1160 2252 Creon
1182 2211 1282 2253 unum
1297 2192 1361 2273 pri-

243 2288 379 2352 marium
408 2286 514 2351 caedis
543 2290 705 2351 auctorem
733 2286 951 2368 significasset
979 2284 1068 2369 (rivel
1097 2311 1126 2357 v.
1147 2288 1237 2374 123),
1266 2313 1361 2373 quem

242 2392 312 2453 tum
335 2387 476 2472 Oedipus
504 2388 639 2471 pecunia
661 2386 701 2451 ad
724 2387 851 2451 caedem
875 2387 1053 2452 faciendam
1076 2389 1269 2456 conductum
1292 2414 1361 2457 esse

243 2492 434 2574 suspicatur.
489 2488 585 2552 Multi
626 2489 712 2553 enim
749 2492 827 2553 sunt
860 2490 1055 2572 interpretes
1088 2491 1123 2554 in
1157 2491 1360 2558 defendendo

243 2614 378 2657 numero
402 2591 560 2674 singulari
582 2613 611 2658 v.
628 2589 705 2671 124,
729 2591 785 2673 qui
808 2589 958 2654 facillime
982 2612 1019 2656 ea
1040 2592 1166 2656 ratione
1189 2615 1252 2676 qua
1267 2594 1360 2658 docui

244 2694 430 2777 explicatur.
480 2691 649 2756 Postremo
676 2691 762 2755 haud
792 2693 857 2754 scio
886 2713 928 2755 an
955 2694 1048 2756 etiam
1075 2695 1272 2777 praepositio
1295 2696 1361 2760 cdo

242 2796 362 2859 rectius
392 2816 425 2858 se
454 2793 586 2875 habeat,
615 2794 643 2856 si
671 2815 754 2857 unus
781 2793 879 2857 hoino
909 2794 1088 2859 subiectum
1117 2796 1174 2875 sit,
1208 2818 1304 2879 quam
1333 2799 1360 2862 si

242 2896 368 2980 plures:
391 2916 466 2959 nam
488 2892 522 2956 id
544 2892 624 2957 mihi
646 2893 839 2977 persuadere
854 2916 922 2958 non
936 2896 1044 2979 potui,
1067 2900 1104 2960 ut
1118 2897 1214 2962 huius
1229 2920 1361 2982 praepo·

243 2997 372 3061 sitionis
395 3017 488 3059 usum
510 3016 529 3057 a
552 2994 660 3059 dativo
682 2996 925 3060 instrumentali
947 2997 1120 3079 aliquando
1143 3020 1211 3063 non
1234 3000 1361 3064 differre

242 3096 413 3163 crederem.

307 3197 374 3262 Neo
402 3198 564 3262 sententia
590 3200 718 3261 tentum
746 3220 856 3262 verum
879 3199 976 3263 etiam
999 3200 1116 3265 codicis
1138 3201 1185 3265 La
1206 3204 1362 3267 memoria
1403 3241 1407 3250 ·

243 3301 459 3365 coniecturam
483 3320 586 3363 meam
605 3296 823 3363 commendari
837 3303 925 3382 puto.
969 3300 1087 3365 Exstat
1102 3304 1187 3366 euim
1202 3304 1237 3366 in
1253 3304 1360 3368 codice

243 3402 338 3466 initio
362 3422 471 3465 versus
496 3399 557 3465 123
579 3398 700 3484 §clippi
722 3401 878 3483 seriptum
893 3424 952 3485 pro
968 3401 1092 3486 ῥώμηιε
1116 3426 1225 3468 nonne
1240 3405 1362 3469 videbi·

243 3507 298 3568 tur
324 3502 491 3584 librarius,
519 3523 590 3567 cum
613 3498 735 3585 λῃστὰς
756 3523 816 3584 pro
840 3504 977 3587 λῃσταῖς
999 3525 1033 3567 se
1055 3506 1222 3588 scripsisse
1245 3506 1361 3570 sensis·

244 3608 310 3687 set,
339 3625 397 3687 per
424 3623 562 3668 errorem
590 3603 733 3667 litteram
763 3625 775 3664 ι
797 3622 878 3684 quae
902 3604 1012 3668 deerat
1033 3604 1115 3670 falso
1122 3656 1131 3689 ‚
1158 3607 1179 3676 i.
1202 3628 1227 3671 e.
1250 3608 1359 3690 paullo

249 3704 402 3769 inferiore
429 3705 500 3769 loco
528 3705 701 3769 inseruisse
726 3705 818 3788 isque
840 3725 928 3769 error
949 3708 1062 3789 postea
1084 3709 1226 3791 corrupti
1247 3731 1364 3792 prono·

244 3807 342 3870 minis
365 3829 420 3869 νιν
442 3828 501 3889 pro
523 3804 586 3870 τιν’
606 3806 707 3871 fuisse
729 3806 846 3870 causa?

95 4016 236 4061 ruenni.
310 3992 414 4077 Pergo
436 3991 477 4055 ad
501 3991 745 4059 Trachiniarum
767 3991 918 4062 fabulam.
961 3993 999 4057 In
1022 4014 1117 4059 versu
1142 3995 1200 4060 137

470 4105 493 4173 t*
515 4110 572 4173 καὶ
593 4108 631 4174 σὲ
654 4107 716 4174 τάν
739 4106 894 4175 ἄνασσαν
917 4111 1051 4176 ἐλπίσιν
1075 4113 1160 4194 λέγω

469 4208 542 4276 rold'
564 4209 637 4277 αἰὲν
660 4216 783 4294 ἴσχειν·
812 4213 885 4277 ἐπεὶ
906 4215 956 4289 τίς
977 4203 1044 4277 alde

469 4312 615 4378 τέκνοισι
639 4310 719 4397 Ζῆν’
740 4311 888 4394 ἄβουλον
911 4309 1015 4390 eidem
1094 4337 1142 4386 140
