3192 4884
691 323 902 388 ..23-

299 490 339 555 In
363 490 476 557 Trach.
499 516 528 558 v.
547 492 628 557 1202

465 628 549 709 νόον
572 627 609 692 dt
631 627 737 711 μηδὲν
760 627 872 691 εἰσίτω
895 621 1018 709 δάκρυ,

388 724 671 804 ἀλλ’άστένακτος
693 726 920 810 κάδάιιρντος,
945 730 1038 807 εἴπερ
1062 720 1092 790 εἶ
1156 747 1221 797 1200

388 826 636 913 τοῦθ’άνὸρός,
660 828 772 913 ἔρξον·
800 830 831 894 εἰ
851 827 888 893 δὲ
911 829 972 913 μή,
995 829 1087 912 μενῶ
1108 823 1209 910 σ’ἐνιό

390 931 445 994 καὶ
467 929 592 1014 νέρθεν
615 927 664 995 τάν
686 929 802 1014 άραῖος
824 931 928 995 εἰσαεὶ
949 927 1057 1013 βαρύς

240 1069 367 1130 constat
396 1067 494 1132 verba
522 1068 578 1131 καὶ
606 1068 731 1151 νέρθεν
759 1063 809 1131 aiv
837 1067 945 1145 „auch
973 1067 1043 1130 dart
1068 1066 1114 1129 ιἰιι
1135 1062 1281 1142 Ηαιλαίί,
1315 1064 1355 1127 ah

240 1166 426 1232 Hermanno
448 1169 535 1232 inter
556 1172 715 1233 commata
735 1168 860 1252 posita,
891 1165 1119 1249 coniungenda
1141 1185 1226 1246 ease,
1255 1164 1356 1230 adice

239 1270 342 1333 tivum
364 1266 480 1350 άραῑος
501 1273 608 1334 autem
629 1269 846 1354 praedicative
867 1270 1009 1352 positum
1025 1289 1094 1332 esse
1109 1265 1150 1331 ad
1165 1269 1267 1349 μενῶ,
1290 1288 1357 1345 non

239 1369 279 1434 ad
291 1369 415 1453 νέρθεν
431 1367 491 1435 ὤν.
514 1370 662 1436 Activam
679 1372 781 1455 igitur
796 1371 944 1435 hocloco
960 1371 1025 1434 vim
1041 1368 1140 1432 habet
1151 1364 1270 1450 άραῑος
1283 1370 1357 1452 „qui

240 1469 325 1535 diras
347 1473 571 1555 imprecatur“,
593 1476 631 1537 ut
652 1475 716 1537 iam
732 1473 906 1538 scholiasta
921 1475 1011 1536 vetus
1029 1470 1164 1554 explicat
1181 1467 1357 1551 ἐπάρατος,

239 1570 383 1655 τιμωρὸς
412 1574 552 1657 δαίμων.
598 1571 665 1637 Iam
688 1596 763 1638 vero
787 1575 961 1658 quaeritur,
992 1571 1152 1655 quomodo
1176 1570 1239 1634 duo
1258 1569 1359 1634 adiec-

237 1674 305 1738 tiva
326 1670 442 1757 άραῖος
464 1678 497 1739 et
518 1673 627 1757 βαρύς
649 1679 774 1746 etcum
796 1676 895 1740 verbo
918 1678 1009 1758 μενῶ
1032 1676 1065 1737 et
1086 1674 1172 1736 inter
1194 1672 1359 1736 seiuncta

239 1776 313 1840 sint.
356 1775 404 1840 Ac
420 1776 604 1841 Wunderus
627 1776 771 1861 quidem,
795 1776 987 1841 scholiastae
1011 1774 1255 1858 explicationem
1271 1791 1357 1835 secu·

241 1880 291 1941 tus
315 1877 346 1940 el
367 1875 404 1941 tlt
426 1874 470 1961 μὴ
493 1882 601 1942 ταῦτα
624 1876 792 1962 ποιήσεις,
823 1878 1003 1941 ὃιατελέσω
1026 1885 1098 1951 ταῖς
1120 1872 1281 1954 κατάραις
1303 1870 1358 1936 ιιαλ
1465 1898 1468 1907 ·

239 1973 315 2042 καθ’
332 1977 442 2042 Αἴδου
472 1979 532 2065 [sic
562 2002 611 2062 ap.
634 1978 758 2067 Elmat]
790 1981 911 2063 βαρῶν
939 1996 976 2043 σε
984 2027 994 2062 ,
1022 1979 1092 2062 ipse
1117 1976 1215 2041 verba
1236 1973 1359 2037 tradita

239 2080 377 2162 explieat
401 2090 498 2163 pavet
524 2096 561 2145 σε
589 2078 609 2164 ἣ
635 2077 696 2165 ἐμὴ
719 2084 839 2165 βαρεῖα
861 2077 945 2164 άρά,
977 2080 1174 2161 eandemque
1197 2077 1357 2141 rationem

239 2182 384 2262 sequitur
405 2180 576 2246 Donnerus
606 2186 749 2247 vertens:
777 2188 863 2247 sonat
890 2183 976 2247 λαιά
992 2182 1049 2247 aa
1070 2182 1157 2262 deta,
1186 2179 1266 2244 ααιλ
1288 2178 1359 2241 dart

239 2283 284 2344 im
305 2280 431 2362 Ηαάσσ,
458 2285 632 2349 ι’νιιιια·άαν
653 2286 711 2348 mit
731 2285 895 2349 schwercin
910 2282 1022 2349 mma.
1066 2281 1153 2358 Quae
1174 2280 1257 2345 ratio
1279 2299 1358 2342 num

239 2404 313 2447 vera
328 2385 379 2469 sit,
396 2385 544 2467 equidem
560 2384 765 2449 vehementer
781 2385 910 2449 dubito:
927 2384 1128 2450 substantive
1145 2383 1230 2447 enim
1242 2377 1360 2462 άραῐος

239 2485 354 2568 accipi,
378 2485 490 2550 addito
511 2488 546 2549 in
565 2508 694 2551 sensum
710 2488 936 2551 attributivum
951 2485 1107 2550 adiectivo
1123 2481 1248 2567 βαρύς,
1272 2483 1358 2545 certe

239 2605 306 2649 non
339 2591 455 2667 potest.
511 2585 570 2652 Sin
602 2592 709 2653 autem
741 2590 812 2672 pari
844 2586 937 2652 modo
969 2608 1068 2651 unum
1096 2590 1192 2668 atque
1222 2583 1358 2646 alterum

239 2685 431 2752 adiectivum
449 2689 490 2751 ad
507 2693 598 2772 μενῶ
613 2691 769 2773 pertinet,
793 2690 907 2773 copula
921 2690 1008 2751 inter
1022 2690 1194 2769 utrumque
1208 2682 1359 2768 ponenda

240 2791 319 2857 erat.
362 2788 450 2853 Haec
471 2790 553 2853 mihi
575 2791 702 2854 videtur
717 2788 869 2873 (lampius
890 2789 1105 2872 perspexisse,
1128 2786 1233 2869 quiin
1250 2783 1359 2848 Philo·

239 2889 316 2972 logo
338 2887 432 2953 ΧΧΠ
459 2890 588 2974 (1865),
610 2913 641 2974 p.
661 2891 704 2954 42
731 2890 947 2954 accusativum
970 2885 1091 2972 άραῖον
1112 2878 1358 2972 praeferendum

239 2990 409 3073 putaverit.
455 2988 543 3067 Quae
565 2992 728 3056 sententia
749 3012 941 3074 quamquam
963 3011 1030 3055 non
1052 3011 1183 3074 prorsas
1205 2988 1287 3052 falsa
1309 2990 1358 3051 est

239 3112 298 3156 nec
320 3089 436 3175 digna,
459 3113 555 3174 quam
577 3094 638 3157 viri
658 3092 744 3158 docti
768 3092 898 3157 silentio
920 3095 1139 3176 praetereant,
1162 3095 1271 3158 tamen
1287 3112 1359 3177 pro·

239 3193 378 3258 habilius
400 3197 480 3277 puto
503 3193 676 3277 legendum
699 3216 768 3260 esse

573 3326 689 3409 ἀραῖος
711 3332 749 3406 ἔς
771 3329 795 3394 τ’
817 3329 881 3395 άελ
902 3329 1026 3414 βαρύς,

240 3463 261 3525 i.
284 3486 310 3527 e.
339 3464 496 3548 ,manebo
529 3463 580 3527 vel
614 3467 803 3547 exspectabo
836 3472 868 3530 te
898 3465 1057 3530 devovens
1087 3463 1233 3548 (vindex)
1263 3467 1296 3528 et
1323 3464 1358 3527 in
1394 3500 1398 3508 ·

241 3585 335 3629 omne
357 3568 484 3648 tempus
506 3566 684 3630 infensus“.

304 3766 504 3833 Philoctetae
527 3789 637 3833 versus
660 3768 722 3834 205
734 3791 803 3852 sqq.
827 3769 872 3832 sie
895 3769 961 3832 fere
983 3768 1152 3851 leguntur:
1371 3801 1493 3845 num.

485 3902 603 3985 βάλλει
624 3903 741 3985 βάλλει
763 3901 793 3986 μ’
809 3904 912 3988 ἐτύμα
986 3926 1035 3974 205

485 4004 623 4086 φθογνά
645 4026 706 4067 τον
729 4006 846 4086 στίβον
869 4002 939 4070 κατ’
951 4003 1106 4088 άνάγιιαν

485 4126 656 4186 ερποντος.

239 4238 287 4304 La
312 4239 411 4304 hahet
433 4238 547 4324 ἑτοίμα
570 4245 602 4305 et
624 4241 710 4323 quod
733 4242 878 4323 sequitur
899 4245 1087 4309 vocabulum
1111 4243 1248 4327 φθοννά
1269 4267 1358 4328 prae·

240 4339 368 4405 cedenti
389 4342 495 4406 versui
511 4341 618 4426 addit3
641 4342 828 4426 apographa
842 4343 906 4408 alia
921 4343 1033 4428 ἑτοίμα
1049 4344 1271 4430 suppeditant,
1295 4347 1357 4410 alia
