3192 4884
680 326 888 390 ..19-

226 494 399 560 offensioni
428 498 477 558 est
505 495 625 558 locutio
654 495 790 570 ἐλπίσιν
814 500 932 577 ίσχειν,
962 515 1033 558 cunr
1056 494 1229 577 scriptores
1252 494 1341 556 attici

229 598 272 661 ἐν
296 595 407 660 ἐλπίδι
428 595 479 660 vel
503 595 541 660 ἐν
565 595 697 660 ἐλπίσιν
720 598 810 678 ἔχειν
831 617 951 680 ponere
967 595 1093 659 soleant
1115 594 1168 674 (cf.
1184 594 1261 659 Eur.
1278 594 1341 677 frg.

227 698 304 761 Inus
332 696 395 760 412
417 695 530 761 Dinu:
562 699 600 762 ἐν
631 699 764 762 ἐλπίσιν
793 695 854 780 χρὴ
878 694 956 772 τούς
979 695 1107 779 σοφοὺς
1129 697 1218 777 ἔχειν
1240 697 1340 777 βίον).

226 798 338 881 Neque
371 799 457 862 enim
488 819 559 862 cum
587 798 755 863 Ellendtio
784 803 821 880 (s.
840 822 868 865 v.
900 799 994 873 ἐλπίς
1022 799 1116 879 extr.)
1145 797 1342 861 infinitivum

225 905 332 982 ἴσχειν
361 899 399 963 de
428 901 560 963 nomine
591 900 726 965 ἐλπίσιν
747 900 918 983 pendere1)
947 902 1142 982 statuemus,
1170 899 1255 981 quod
1278 921 1341 982 quo

226 1002 280 1065 ille
303 1001 399 1065 modo
423 1000 575 1065 defendat
597 1003 715 1069 nescio.
761 998 967 1084 Comparavit
989 1003 1095 1064 autem
1117 999 1240 1064 Neuius
1263 999 1341 1068 Ocd.

225 1100 295 1167 Col.
315 1102 396 1167 1678
419 1102 516 1187 πόθῳ
545 1103 678 1185 λάβοις,
705 1102 791 1186 quod
814 1102 1001 1167 Dindorfius
1024 1102 1137 1188 afferre
1158 1123 1227 1165 non
1249 1101 1367 1189 debe-¹,

225 1205 296 1285 bat,
321 1203 396 1287 quia
417 1205 500 1288 ipse,
524 1206 560 1267 ut
582 1225 668 1268 nunc
689 1205 788 1288 vulgo
811 1204 972 1286 scribitur,
996 1200 1127 1267 Cantcri
1147 1204 1342 1268 emendatio·
1451 1288 1456 1295 ι

224 1327 299 1370 uem
328 1302 373 1380 άς
399 1304 530 1388 μάλιστ’
553 1302 596 1369 clv
625 1306 663 1370 ἐν
691 1310 762 1389 (pro
792 1305 836 1382 εί)
866 1304 964 1390 πόθῳ
994 1303 1110 1386 λάβοις
1138 1306 1275 1388 recepit,
1310 1309 1342 1369 et

224 1409 328 1472 locum
357 1429 458 1470 unum
483 1405 719 1491 Thucydidium
743 1407 789 1489 Π,
814 1408 833 1470 8
857 1410 935 1471 extr.
958 1403 1067 1481 οὕτως
1088 1403 1173 1491 ὀργῇ
1196 1401 1287 1488 εἶχον
1309 1397 1346 1471 σί

225 1511 362 1584 πλείους
396 1505 476 1584 τούς
501 1506 716 1590 Ἀθηναίους,
751 1509 807 1572 ubi
837 1505 921 1591 ὀργῇ
951 1510 1040 1590 ἔχειν
1067 1508 1187 1572 locutio
1214 1529 1273 1592 pro
1303 1510 1341 1573 ἐν

223 1607 309 1695 ὀργῇ
332 1613 420 1693 ἔχειν
442 1632 509 1674 non
530 1609 637 1674 minus
660 1610 802 1674 insolens
826 1611 876 1674 est
898 1630 933 1673 ac
957 1609 1054 1673 dubia
1075 1631 1170 1693 quam
1193 1632 1273 1692 quae
1288 1609 1342 1674 hic

224 1712 345 1776 tradita
372 1715 449 1776 sunt
472 1710 641 1795 Sophoclis
669 1712 775 1775 verba.
820 1710 869 1775 Ea
897 1713 925 1775 si
953 1711 1031 1775 ferri
1053 1733 1145 1795 posse
1167 1734 1233 1775 non
1256 1712 1342 1776 vide·
1395 1727 1399 1734 '

226 1814 355 1896 buntur,
382 1817 554 1896 postquam
581 1813 700 1877 abhinc
727 1813 980 1899 aliquotannos
1009 1813 1158 1877 audacius
1182 1808 1204 1876 u
1225 1812 1281 1877 καὶ
1303 1814 1340 1878 σὲ

224 1914 286 1979 τάν
319 1912 457 1978 ἄνακτ’
492 1913 535 1978 ἐν
570 1915 702 1979 ἐλπίσιν
733 1913 819 1994 λέγω
847 1912 917 1977 τάδ’
936 1910 1010 1979 cliv
1040 1915 1179 1996 ίσχεινῗ)
1208 1916 1339 1998 conieci,

225 2038 310 2080 nunc
332 2015 412 2080 mihi
428 2016 491 2080 alia
508 2014 699 2080 emendandi
714 2016 809 2079 huius
825 2016 887 2079 loci
901 2017 986 2079 ratio
1002 2016 1200 2099 probabilior
1214 2016 1341 2080 videtur
1433 2028 1436 2031 '

376 2131 398 2197 ά
420 2134 475 2197 καὶ
499 2135 536 2198 σὲ
558 2132 683 2215 τάνδ’,
708 2132 865 2215 άνσισσ’,
891 2134 934 2198 ἐν
958 2134 1091 2197 ἐλπίσιν
1113 2134 1199 2215 λέγω

375 2233 446 2300 τάδ’
457 2237 531 2301 νιίὲν
553 2241 670 2317 ίσχειν,

225 2353 309 2417 nude
330 2355 437 2437 posito
460 2357 495 2417 in
517 2356 712 2418 allocutione
735 2354 881 2417 vocativo
904 2350 1051 2435 άνασσιι,
1074 2356 1110 2416 ut
1133 2376 1250 2418 mcxv.
1267 2356 1339 2439 291,

224 2455 280 2518 ubi
309 2455 424 2519 chorus
453 2459 585 2539 reginae
615 2454 654 2517 de
676 2453 824 2518 Herculis
853 2455 988 2518 victoria
1016 2476 1051 2518 ac
1077 2455 1184 2519 reditu
1211 2460 1339 2540 sperato

225 2556 415 2638 gratulatur.
461 2555 629 2620 Praeterea
656 2556 852 2620 monendum
875 2559 924 2620 est
946 2556 1014 2620 solo
1037 2557 1098 2620 hoc
1120 2578 1194 2621 casu
1217 2556 1340 2642 Sopho-

224 2657 303 2720 clem
326 2680 419 2722 usum
443 2680 526 2722 esse:
548 2658 599 2723 El.
614 2657 676 2722 666
700 2648 726 2720 ά
749 2654 846 2740 χαῖρ’,
870 2655 1002 2721 άνιισσνι
1024 2659 1157 2721 nuntius
1180 2655 1339 2742 Clytaem-

225 2763 367 2823 nestram
401 2760 556 2843 appellat,
591 2760 642 2823 Αἰ.
668 2759 730 2823 774
762 2759 941 2822 Minervam
969 2760 1058 2823 Aiax,
1114 2760 1220 2841 Atque
1254 2761 1339 2845 apud

225 2858 419 2942 Aeschylum
452 2862 563 2925 eodem
596 2862 727 2924 nomine
761 2860 906 2923 Minerva
938 2860 1118 2943 appellatur·
1151 2859 1240 2945 Sept.
1267 2863 1338 2945 164,

225 2960 318 3025 llum.
333 2960 405 3043 235,
423 2962 496 3043 443,
512 2962 574 3026 892
597 2961 671 3043 (288
687 2983 784 3024 uuum
801 2963 973 3025 accusativi
990 2962 1197 3047 exemplum),
1221 2967 1249 3028 A
1267 2987 1339 3029 ossa

225 3060 393 3125 Persarum
415 3064 529 3146 regina
544 3062 630 3130 Pers.
650 3051 710 3127 155
732 3065 765 3126 et
782 3063 849 3127 173.
863 3099 905 3110 -
920 3062 1010 3127 Alias
1033 3065 1231 3130 coniecturas
1245 3065 1340 3151 Blay·

226 3161 332 3227 desius
363 3163 425 3246 (ed.
448 3163 615 3247 Trachin,
641 3160 749 3246 1872),
777 3168 815 3227 ut
841 3164 930 3227 illam
960 3165 1170 3230 offensionem
1199 3168 1337 3251 tolleret,

225 3269 297 3328 octo
320 3266 370 3329 vel
392 3287 507 3330 novem
529 3266 569 3330 ad
591 3288 618 3330 v.
635 3266 694 3330 137
719 3267 924 3348 exprompsit.

294 3436 318 3501 1)
337 3432 408 3487 Item
425 3433 583 3487 Dindorfius
605 3433 634 3487 in
656 3433 744 3488 lexico
763 3433 917 3502 Sophocleo
942 3452 963 3492 s,
980 3453 1003 3492 v.
1027 3434 1105 3497 ἐλπίς
1128 3439 1211 3494 extr:
1240 3434 1339 3501 ,,ἐλπλς

226 3533 286 3570 cum
305 3516 444 3572 infinitivo
462 3518 557 3572 aoristi
575 3519 620 3573 vel
637 3519 724 3572 futuri
742 3517 797 3572 Oll.
812 3524 871 3583 836,
888 3519 953 3577 Ant,
967 3526 1029 3585 235,
1047 3527 1105 3586 899,
1126 3526 1203 3586 1248,
1222 3521 1264 3576 El.
1279 3529 1345 3597 962,ι

224 3602 378 3670 praesentis
402 3602 446 3656 Tr.
462 3607 539 3662 137“‚
575 3602 659 3657 Error
680 3602 709 3655 in
730 3602 774 3655 his
794 3602 906 3657 videtur
929 3603 1024 3659 inesse.
1064 3606 1107 3657 An
1129 3604 1165 3657 ad
1188 3621 1249 3659 eam
1266 3624 1337 3673 quae

225 3685 363 3740 antecedit
389 3686 554 3741 sententiam
578 3687 752 3742 referendum
775 3683 881 3742 ἐλπίσιν
904 3688 988 3756 ἴσχειν
1013 3691 1142 3757 putemus
1165 3705 1197 3742 ac
1220 3691 1338 3747 voluisse

224 3768 287 3823 illos
305 3771 435 3839 supplere
451 3769 589 3838 μένειν-
606 3770 790 3839 seruabar

293 3859 318 3922 2)
343 3856 510 3925 Aeschylum
542 3861 616 3913 certe
649 3872 744 3911 vocem
776 3852 850 3925 άναξ
881 3857 966 3911 etiam
997 3861 1131 3927 θηλυκῶς
1163 3862 1339 3929 usurpavisse

226 3937 323 3992 Suidas
341 3943 437 3995 auctor
454 3943 508 4009 est,
526 3943 601 4010 quod
615 3940 680 3995 Orio
698 3940 791 4009 Etym.
805 3961 832 4011 p.
845 3950 885 4009 26,
900 3953 913 3991 4
930 3945 1074 3997 confirmat
1091 3961 1172 3998 versu
1184 3945 1339 4014 Aeschyleo

225 4023 324 4077 allato:
348 4022 484 4080 δέσποινα
505 4025 600 4096 νύμφη
623 4027 764 4096 δυσχίμων
788 4023 863 4095 ripas
884 4023 959 4094 άναξ
982 4028 1044 4097 (frg.
1063 4035 1112 4084 379
1134 4028 1234 4099 Dina),
1268 4031 1338 4083 Eam

216 4110 318 4174 ,autem
336 4109 393 4163 vim
412 4111 573 4166 femininam
592 4129 692 4166 nomen
710 4106 783 4178 ἅναξ
800 4111 908 4166 facilius
926 4110 1011 4166 etiam
1029 4113 1158 4168 hocloco
1177 4114 1278 4168 habere
1291 4131 1340 4183 po-

225 4195 297 4246 terat
314 4198 429 4263 propter
449 4197 597 4250 articulum
615 4196 668 4251 τάν
686 4197 854 4266 appositum,
873 4212 1040 4263 quamquam
1057 4199 1173 4252 eundem
1192 4197 1340 4253 articulum

224 4277 358 4343 putabam
382 4297 447 4335 mox
469 4281 603 4348 effecisse,
628 4286 660 4336 ut
684 4277 793 4336 άνιιιιτα
815 4282 844 4335 in
863 4279 989 4335 ἄνασσαν
1007 4285 1161 4336 mutaretur
1179 4283 1208 4336 et
1225 4300 1338 4353 praepo·

225 4360 288 4415 sitio
307 4359 336 4415 ἐν
355 4365 436 4418 metri
453 4366 616 4421 restituendi
634 4383 716 4421 causa
733 4368 947 4422 subtraheretur.

1100 4458 1134 4504 2⁸
