3192 4884
715 360 748 369 ..
799 322 838 385 10
883 359 918 367 .-

256 512 315 574 pro
344 488 477 555 aduror
503 490 658 554 traditum
686 495 778 556 essct.
822 490 905 555 Nam
935 494 1062 556 constat
1089 492 1221 555 verbum
1244 492 1375 556 ἐπεῖναι

256 595 313 656 aut
341 613 411 657 oum
440 593 680 677 praepositione
704 593 762 656 ε’πί
781 594 849 656 sive
871 613 943 656 cum
965 593 1073 656 dativo
1096 595 1163 657 sive
1185 614 1257 658 curn
1280 614 1376 676 gene·

255 697 323 758 tivo
351 696 458 777 posita
488 697 544 759 aut
571 714 642 758 cunr
671 694 740 758 solo
769 694 878 758 dativo
907 694 1077 778 coniungi,
1105 716 1173 759 non
1200 695 1280 759 item
1302 717 1373 759 cum

255 795 325 860 solo
355 797 517 879 genetivo.
562 794 629 860 Nec
656 798 765 860 tamen
787 794 979 859 mutandum
1002 817 1070 860 esse
1092 799 1172 878 puto
1196 817 1266 860 cum
1289 796 1373 861 Mor:

255 896 426 978 stadtio¹):
449 901 551 961 restat
566 898 651 962 enim
669 899 766 961 tertia
781 898 879 969 ratio,
902 901 940 960 ut
955 897 1141 980 genetivum
1158 897 1286 989 πόντον
1301 918 1373 962 cum

254 998 406 1063 adverbio
428 998 490 1062 loci
512 999 569 1062 ἵνα
592 999 794 1064 coniunctum
820 1000 1010 1082 accipiamus
1034 1000 1123 1081 (,,ναο
1146 1001 1190 1063 tm
1212 1000 1371 1084 Macrc“),

254 1099 340 1182 quod
369 1102 497 1184 saepius
526 1101 564 1164 fit
591 1100 675 1184 apud
698 1101 900 1166 Herodotum
928 1101 988 1182 (vd.
1008 1100 1037 1172 l,
1060 1100 1111 1165 98.
1134 1100 1210 1176 213)
1234 1104 1267 1165 et
1288 1101 1372 1185 apud

254 1198 446 1283 Sophoclem
476 1206 539 1282 (vd.
561 1201 645 1267 Phil.
665 1203 747 1267 1180
774 1201 855 1278 ναὸς
877 1200 921 1266 ἵν’
934 1200 1015 1287 ἡμῖν
1037 1203 1207 1284 τέτακται,
1238 1202 1372 1267 111386

252 1298 315 1385 οὐχ
342 1300 424 1385 ὁρας
450 1301 493 1367 ἵν’
507 1298 538 1368 εἴ
558 1308 679 1385 κακοῦ,
704 1304 818 1369 Traeh.
838 1305 920 1369 1145
943 1304 1006 1385 al).
1051 1303 1163 1387 Neque
1185 1326 1260 1368 vero
1283 1326 1372 1368 meae

253 1403 459 1487 explicationi
482 1406 724 1471 collocationem
747 1407 918 1470 verborum
941 1427 1122 1490 repugnare
1142 1427 1266 1478 censeo,
1291 1428 1371 1490 quae

254 1504 319 1570 fere
349 1507 460 1572 eadem
487 1510 537 1571 est
563 1506 646 1590 apud
675 1506 854 1572 Homerum
877 1505 1141 1573 0114251111
1164 1508 1199 1572 οἱ
1218 1506 1371 1591 θάλαμος

252 1608 469 1690 περικαλλέος
497 1606 601 1692 αὐλῆς
622 1605 753 1692 ὑψηλός
776 1610 920 1692 δέδμητο
943 1632 1003 1673 nec
1023 1611 1087 1673 iam
1110 1610 1271 1692 cuiquam,
1304 1611 1369 1692 opi·

251 1730 319 1784 nor,
352 1710 522 1775 offensioni
552 1712 627 1783 erit,
657 1713 711 1794 qui
741 1710 871 1794 quidem
901 1710 1039 1775 Nauckii
1068 1733 1197 1794 operam
1227 1711 1369 1775 criticam

252 1811 522 1894 comprobaverit:
552 1814 578 1877 is
607 1814 691 1877 enim
721 1815 811 1876 etin
834 1813 986 1896 strophae
1009 1834 1102 1876 versu
1129 1813 1210 1876 1205
1232 1813 1369 1876 alterum

254 1912 391 1995 ἐρώτων
425 1917 458 1978 et
487 1915 522 1977 in
554 1914 775 1998 antistrophae
804 1937 897 1979 versu
929 1915 1009 1978 1218
1038 1911 1142 1979 ὑλαεν
1171 1913 1304 1987 delevit,
1335 1914 1368 1977 id

252 2014 338 2095 quod
361 2037 432 2079 mea
453 2015 582 2099 quidem
606 2017 767 2081 sententia
789 2019 917 2100 praeter
934 2018 1158 2080 necessitatem
1174 2016 1294 2080 facturn
1310 2019 1368 2080 est.

259 2153 294 2161 —
317 2112 506 2199 Πρόβλημα
534 2122 641 2182 autem
669 2122 718 2182 est
745 2140 841 2182 omne
868 2118 954 2201 quod
984 2120 1148 2202 proicitur,
1176 2119 1285 2200 itaque
1307 2117 1370 2182 hcc

253 2218 336 2291 loco,
367 2239 430 2300 quo
456 2217 495 2282 dc
518 2222 587 2283 acta
610 2221 726 2303 agitur,
754 2219 840 2283 idem
863 2219 948 2302 quod
971 2219 1072 2284 latina
1094 2240 1155 2284 vox
1180 2221 1310 2298 „obiex“
1335 2250 1370 2274 =

252 2318 408 2402 quidquid
430 2319 577 2385 obicitur.
617 2319 666 2387 Of.
681 2320 910 2404 VergJGeorg.
926 2320 972 2391 11,
988 2321 1052 2385 480
1072 2322 1173 2386 maria
1187 2323 1253 2386 alta
1268 2325 1368 2386 tume-

253 2424 346 2484 scunt
374 2421 520 2486 obicibus
547 2425 667 2509 ruptis3
698 2422 776 2487 ibid.
792 2422 850 2496 IV,
873 2422 937 2486 422
959 2424 1047 2487 intus
1071 2446 1105 2487 se
1126 2424 1207 2488 vasti
1232 2421 1368 2487 Proteus

251 2521 337 2605 tegit
367 2523 458 2587 obice
488 2526 573 2608 saxi3
608 2523 665 2590 Ov.
687 2525 774 2589 Fast.
798 2525 829 2598 Ι,
860 2525 922 2588 563
953 2523 1009 2587 ille
1036 2524 1160 2588 aditum
1188 2530 1243 2606 (sc.
1265 2525 1366 2603 antri)

252 2621 345 2688 fracti
377 2629 615 2707 praestruxerat
646 2627 736 2691 cbicc
768 2627 898 2691 montis.
928 2663 965 2672 -
998 2625 1049 2689 Ad
1083 2628 1194 2690 ἔπεστι
1230 2625 1368 2707 denique

254 2729 452 2810 „superstat“
483 2727 582 2810 (quod
610 2728 715 2811 ipsum
743 2749 871 2811 quoque
894 2725 1066 2792 Sallustius
1089 2731 1122 2791 et
1143 2726 1253 2791 Livius
1277 2727 1365 2791 abso-

250 2826 318 2890 lute
340 2830 481 2912 ponunt)
505 2851 543 2893 ex
565 2826 694 2894 πόντου
716 2829 810 2893 facile
833 2829 1024 2894 subauditur
1047 2828 1173 2893 dativus
1197 2825 1322 2913 πόντῳ.

315 3029 378 3095 Sed
407 3032 485 3121 haec
513 3032 552 3096 de
582 3032 679 3098 Aiace
701 3033 867 3097 hactenus.
913 3032 962 3097 Ad
986 3033 1065 3097 alias
1088 3055 1174 3096 nunc
1197 3032 1366 3117 Sophoclis

249 3131 376 3196 fabulas
399 3133 638 3199 emendationes
661 3134 835 3199 nonnullas
857 3136 891 3198 in
913 3134 1055 3199 medium
1077 3135 1246 3217 proferam.

118 3244 231 3289 aaran.
312 3232 362 3298 Ac
383 3236 523 3318 primum
545 3235 674 3319 quidem
697 3237 861 3318 quaeritur
883 3236 923 3300 de
946 3235 1131 3320 Antigonae
1153 3258 1247 3300 versu
1270 3236 1330 3300 351

604 3353 808 3437 λασιαύχενά
824 3356 858 3418 e’
927 3377 976 3425 350

247 3453 353 3519 ἵππον
375 3455 509 3532 ἕξεται
532 3454 727 3539 ἄμφίλοφον
749 3452 851 3538 ζυγόν
872 3452 1011 3540 οὔρειόν
1033 3452 1200 3538 τὀἰκμῆτα
1222 3459 1362 3536 ταῦρον.

248 3572 337 3637 Haec
359 3578 409 3638 est
430 3575 588 3657 scriptura
610 3576 645 3637 in
667 3575 774 3639 codice
796 3575 929 3650 tradita,
953 3598 972 3638 a
993 3595 1056 3658 quo
1075 3574 1261 3657 apographa
1275 3575 1310 3637 in
1326 3595 1363 3639 eo

248 3672 444 3758 discrepant,
474 3676 558 3757 quod
587 3698 645 3760 pro
675 3675 780 3754 ἕξεται
809 3676 962 3741 exhibent
990 3673 1118 3757 ἅξεται,
1145 3698 1246 3739 unum
1269 3671 1363 3752 ἄξετ’.

245 3773 355 3839 Etiam
385 3776 559 3841 scholiasta
586 3774 698 3855 ἄξεται
727 3778 855 3842 videtur
882 3777 1002 3861 legisse
1029 3776 1178 3860 idemque
1205 3776 1363 3860 duplicem

245 3878 436 3960 scripturam
459 3874 656 3961 α’μφίλοφον
671 3876 773 3962 ζννὸν
789 3884 822 3943 et
836 3875 922 3963 cippi
939 3877 1048 3959 λόφον
1064 3878 1180 3962 (divise
1196 3880 1364 3962 scriptum)

244 3974 348 4061 ζννόν
370 3979 517 4063 explicat.

314 4199 338 4265 1)
356 4196 425 4252 Rob.
439 4199 489 4253 Ad.
503 4200 641 4254 Moratudt
657 4201 790 4272 Βάτταλον
809 4206 856 4259 etc.
874 4200 930 4269 (vd.
944 4217 972 4268 p,
986 4206 1010 4265 4,
1031 4200 1093 4253 adn.
1107 4203 1133 4267 3)
1151 4216 1179 4268 p.
1193 4206 1239 4253 47:
1252 4230 1283 4239 -
1296 4202 1363 4265 „lm

243 4280 389 4349 folpmdca
411 4280 492 4338 Vcrse
515 4285 622 4355 acblupc
643 4287 687 4341 icb
709 4303 767 4352 cor,
790 4284 885 4357 πόντῳ
903 4301 938 4339 αα
956 4286 1027 4340 lesen
1044 4290 1111 4341 stult
1130 4284 1250 4352 πόντον,
1274 4284 1366 4341 demit

245 4363 297 4418 doc
316 4362 416 4431 ἔπεστι,
435 4366 572 4436 imminet,
590 4371 665 4426 αιάλτ
682 4387 712 4425 so
730 4372 929 4442 berictunyslcs
947 4370 1082 4429 ἀαελελτ,α
