3192 4884
714 319 1029 386 -16-'

260 494 298 554 ut
320 511 402 565 earn,
426 513 522 574 quam
544 493 630 555 inter
649 491 837 574 φρενώσεις
853 529 891 539 -·
909 497 1050 575 φρενῶν
1065 530 1107 540 -
1123 482 1267 576 φρονεῖν
1281 493 1381 557 inter·

261 593 372 657 cedere
394 593 517 667 iudico,
541 595 700 658 rationem
722 597 904 667 teneamus,
929 595 974 658 sic
996 593 1133 660 fortasse
1156 597 1240 659 verti
1262 598 1378 678 potest,

261 695 289 758 si
310 695 387 759 licet
407 695 503 760 nobis
526 695 714 778 „Mentore“
737 695 893 761 vocabulo
915 696 980 760 uti:
1004 693 1055 761 Cr.
1073 693 1170 761 Cuius
1191 700 1228 760 tu
1250 697 1380 760 Mentor

261 797 408 871 exsistes,
444 797 499 879 qui
532 797 601 880 ipsc
629 800 737 862 mente
765 818 844 861 sana
874 799 1003 861 careas?
1053 796 1167 863 Haem.
1220 797 1282 871 Te,
1316 798 1380 861 nisi
1483 789 1487 795 ’

261 900 352 981 pater
380 920 470 962 meus
499 919 598 973 esses,
629 899 776 963 Mentore
805 899 865 963 tali
891 898 1039 981 indigere
1068 899 1216 965 dicerem.
1267 899 1381 982 Itaque

261 1000 347 1063 filius
375 1000 459 1083 patri
488 1021 556 1063 non
582 1000 676 1065 modo
705 1000 985 1084 exprobrationem
1014 1003 1174 1065 amentiae
1195 1000 1316 1075 reddit,
1346 999 1379 1065 id

262 1100 363 1185 quod,
390 1103 417 1165 si
446 1101 529 1165 nihil
556 1102 641 1166 aliud
665 1104 701 1166 in
723 1103 829 1166 verbis
851 1102 986 1191 inesset,
1016 1103 1124 1167 nescio
1147 1125 1189 1166 an
1214 1103 1291 1167 ferri
1313 1125 1381 1167 non

262 1207 387 1287 posset,
417 1204 473 1268 sed
502 1205 599 1268 etiam
626 1203 802 1287 respondet
824 1203 863 1269 ad
886 1205 918 1267 id
943 1204 1029 1287 quod
1051 1209 1143 1288 pater
1166 1202 1264 1269 cx‘eo
1287 1225 1381 1287 quae·

263 1306 347 1370 sivit.
391 1303 444 1370 Sic
465 1307 568 1389 igitur
590 1307 686 1370 etiam
709 1308 812 1371 maior
833 1306 989 1389 quaedam
1010 1307 1057 1370 vis
1079 1308 1114 1369 in
1128 1308 1319 1390 pronomine
1343 1305 1380 1371 σε

262 1429 290 1471 r.
306 1407 368 1472 755
389 1409 488 1482 inest,
512 1429 593 1490 quae
615 1428 710 1472 causa
731 1409 809 1484 fuit,
832 1430 886 1472 cur
902 1407 1107 1472 Hermannus
1129 1429 1196 1472 non
1219 1404 1262 1472 iic
1279 1405 1306 1471 t?
1324 1406 1380 1473 sed

263 1505 306 1574 ἂν
328 1506 357 1572 τ’
380 1510 543 1574 scriberet.
588 1509 756 1574 Postremo
779 1510 851 1574 loco
873 1509 1071 1574 monendum
1093 1509 1173 1573 mihi
1189 1513 1238 1574 est
1253 1511 1379 1593 saepius
1456 1577 1459 1582 ,

262 1615 328 1675 tres
352 1611 401 1675 vel
424 1612 531 1694 plures
555 1611 828 1694 interrogationes
850 1613 886 1674 in
903 1612 1106 1675 sermonibus
1121 1611 1254 1676 alternis
1271 1612 1382 1695 singu«

263 1713 303 1776 lis
326 1713 470 1778 versibus
494 1713 666 1787 contineri,
690 1713 729 1776 ci.
747 1715 826 1777 Ant.
842 1713 999 1795 315sqq.‚
1023 1713 1181 1795 734sqq.,
1205 1713 1245 1777 al.

128 1895 242 1939 iussa
327 1884 403 1948 Ant.
420 1883 480 1947 887
494 1904 540 1965 sq.

465 1998 568 2084 ἄφετε
590 2001 701 2085 μόνην
723 2003 860 2084 ἔρημον,
885 2005 950 2065 εἴτε
972 1997 1034 2085 χρὴ
1056 2008 1179 2066 θανεῖν

466 2100 521 2168 εἶτ’
546 2103 584 2168 ἐν
606 2101 744 2188 τοιαύτῃ
767 2105 855 2181 ζῶσα
877 2102 1059 2186 τυμβεύειν
1081 2104 1180 2186 στέγῃ

263 2244 338 2287 vera
359 2222 454 2286 lectio
476 2220 622 2286 nondum
644 2221 771 2293 videtur
791 2222 924 2285 inventa
939 2242 1018 2286 esse.
1061 2221 1160 2285 Recte
1175 2222 1261 2285 enirn
1277 2215 1381 2303 ἄφετε

261 2325 392 2411 ιμιίύειιε
419 2346 457 2387 ex
478 2345 543 2389 uno
565 2323 752 2407 apographo
775 2323 963 2387 restitutum
985 2326 1035 2388 est
1056 2345 1115 2406 pro
1139 2320 1265 2405 ἀφεῖτε,
1294 2320 1379 2404 quod

262 2427 385 2492 habent
417 2425 480 2490 alia
506 2446 578 2489 cum
606 2426 729 2489 codice:
763 2423 820 2490 sed
847 2425 883 2488 in
911 2425 951 2489 iis
980 2445 1060 2507 quae
1088 2426 1267 2507 sequuntur
1287 2423 1379 2487 nullo

263 2530 360 2595 modo
393 2526 526 2593 verbum
558 2525 772 2610 impersonale
800 2523 864 2609 χρή
891 2547 963 2590 cum
991 2526 1190 2590 nominativo
1217 2524 1380 2608 participii

263 2633 352 2712 ζῶσα
376 2624 584 2711 (τυμβεύειν)
600 2628 758 2711 congruit.
788 2627 858 2704 Qua
874 2628 912 2692 de
928 2649 1023 2692 causa
1036 2650 1095 2711 pro
1111 2627 1268 2692 librorum
1283 2625 1380 2708 scrip-

263 2737 337 2798 tura
362 2732 553 2797 scholiastae
580 2731 804 2794 auctoritatem
826 2732 955 2794 secutus
978 2728 1183 2794 Hermannus
1207 2728 1237 2791 ei
1257 2723 1379 2812 χρῄζει,

264 2835 407 2919 speciose
433 2854 509 2898 vero
532 2831 720 2896 Dindorfius
749 2835 816 2896 εἴτε
838 2836 903 2916 χρῇ
927 2832 1065 2896 correxit
1087 2851 1261 2914 omnesque
1282 2827 1382 2892 habet

264 2937 476 3001 assentientes
505 2937 631 3018 praeter
653 2932 847 3008 Nauckium,
876 2935 932 3016 qui
955 2938 1021 2998 εἴτε
1041 2936 1084 3018 λῇ
1105 2933 1259 3015 scriptum
1281 2930 1381 2995 fuisse

264 3037 354 3101 nulla
391 3036 620 3121 probabilitate
653 3036 832 3119 suspicatur
864 3035 1045 3118 (meumes
1078 3033 1293 3100 Grc'cc-Rcm.
1315 3032 1381 3114 IV,
1500 3075 1502 3077 >
1544 3059 1549 3069 ·

260 3162 293 3224 p.
309 3143 371 3205 211
384 3139 454 3221 sa).
499 3137 567 3201 Nec
586 3140 696 3201 tamen
716 3137 785 3201 iure
805 3136 1010 3201 Dindorfium
1032 3139 1173 3201 mutasse
1189 3137 1283 3218 puto,
1307 3134 1382 3217 quia

264 3265 331 3306 non
364 3241 502 3304 liberum
531 3240 717 3322 Antigonae
749 3239 919 3303 arbitrium
955 3237 1056 3312 datur,
1090 3241 1198 3301 utrum
1225 3236 1382 3300 moriatur
1425 3236 1428 3241 ’

266 3366 307 3408 an
329 3341 455 3429 sepulta
477 3342 576 3414 vivat,
606 3340 660 3404 sed
684 3338 804 3414 Creon,
834 3340 931 3404 homo
954 3340 1073 3403 infirmi
1095 3339 1207 3412 animi,
1237 3338 1293 3401 ubi
1315 3358 1381 3401 sae-

264 3444 377 3509 vitiam
406 3465 495 3508 suam
522 3443 562 3507 ab
585 3443 735 3507 omnibus
757 3442 934 3524 improbari
956 3443 1122 3524 cognovit,
1152 3439 1312 3504 haesitare
1334 3439 1382 3502 in·

266 3546 345 3629 cipit
368 3547 400 3608 et
416 3545 630 3627 Antigonam,
653 3544 681 3607 si
703 3565 770 3607 non
794 3547 897 3607 morte
919 3542 1082 3616 multetur,
1106 3545 1139 3606 at
1156 3544 1242 3606 certe
1258 3546 1381 3624 (μετοι-

266 3649 341 3721 νίας
362 3645 383 3708 ὃ
390 3643 396 3670 ’
410 3635 458 3710 ού
465 3648 500 3729 ν)
519 3646 667 3709 convictu
688 3645 855 3708 hominum
878 3644 997 3727 privari
1012 3644 1111 3708 iubet.
1156 3642 1279 3727 Aperte
1295 3644 1381 3706 enim

267 3749 353 3811 errat
368 3745 541 3812 Triclinius
561 3747 601 3810 ad
622 3770 650 3812 v.
666 3746 737 3811 890.
769 3745 836 3809 lam
853 3768 929 3810 vero
947 3747 974 3808 si
991 3747 1183 3829 scripturam
1199 3745 1381 3829 τυμβεύειν

208 3834 214 3840 ’
264 3849 453 3921 retinemus,
482 3847 543 3912 hoc
571 3849 703 3937 uerbum
726 3851 783 3912 aut
805 3848 974 3911 transitive
996 3846 1216 3930 accipiendum
1238 3851 1288 3911 est
1309 3868 1382 3911 cum
1422 3862 1425 3866 ·

266 3949 469 4023 Hermann0,
499 3950 554 4031 qui
582 3972 695 4014 sensus
723 3949 814 4013 verbi
842 3950 972 4033 quidem
998 3972 1058 4014 usu
1087 3947 1280 4022 defenditur,
1313 3971 1381 4013 non

266 4053 345 4116 item
368 4051 599 4115 sententiarum
622 4073 758 4126 conexu,
775 4072 927 4133 -quem
948 4049 1080 4113 tandem
1098 4050 1295 4140 sepulturam
1313 4071 1381 4114 esse

266 4152 469 4236 Antigonam
498 4153 671 4236 putemus?
698 4189 740 4198 —
767 4155 823 4216 aut
847 4152 1053 4216 intransitive
1079 4152 1226 4235 „sepulta
1253 4152 1380 4215 vivere“

265 4276 339 4318 cum
355 4253 523 4318 Dindorlio
546 4255 680 4336 aliisque
701 4254 827 4329 multis,
851 4254 937 4336 quod
959 4253 1057 4317 verbo
1080 4249 1263 4336 τυμβεύειν
1282 4254 1382 4337 signi·

266 4354 353 4417 ficari
377 4357 467 4421 nullo
490 4356 635 4439 exemplo
652 4356 865 4420 demonstrari
880 4358 996 4438 potest.
1041 4354 1154 4437 ltaque
1170 4355 1381 4420 Morstadtius
