3192 4884
702 299 891 364 ..5-

236 468 272 531 111
299 466 382 532 hanc
408 489 505 532 unam
527 489 587 532 nos
609 468 806 532 sententiam
828 467 950 532 ducunt
972 472 1005 532 et
1025 471 1195 533 nautarum
1219 466 1352 534 Salami-

236 569 364 633 niorum
387 569 502 633 animis
525 567 604 633 haec
625 569 727 633 multo
750 569 1019 634 accommodatior
1041 572 1090 633 est
1111 591 1206 652 quam
1222 571 1250 636 si
1266 570 1353 635 Pari·

238 669 311 734 dem
343 670 394 734 vel
421 669 500 735 adeo
530 669 734 753 Tyndareum
763 670 910 735 devoveri
942 674 1101 754 putemus.
1151 669 1216 736 Gur
1243 676 1352 737 tamen
1431 698 1434 704 ·

236 774 324 836 recta
344 771 401 836 illa
423 772 606 855 explicatio,
630 790 823 856 quamquam
845 794 864 836 a
885 775 992 836 vetere
1014 773 1187 838 scholiasta
1200 776 1265 838 iam
1279 796 1353 859 pro·

237 875 344 958 posita
372 877 436 947 est,
464 872 610 937 nondum
637 873 677 936 ab
705 873 855 938 omnibus
883 875 927 938 sit
948 874 1098 957 probata,
1128 876 1155 939 si
1178 876 1351 958 quaeritur,

239 995 333 1039 causa
347 973 428 1039 mihi
450 974 579 1039 videtur
599 975 804 1058 potissimum
827 976 862 1037 in
881 996 959 1040 voce
973 975 1091 1040 κοινόν
1105 999 1135 1040 v.
1151 976 1232 1041 1196
1246 978 1353 1060 posita

239 1098 321 1151 esse,
350 1098 430 1161 quae
458 1097 520 1140 vox
547 1079 585 1140 ut
611 1077 681 1140 sola
702 1075 831 1139 videtur
853 1075 1008 1150 effecisse,
1037 1080 1074 1141 ut
1097 1076 1296 1143 Schneidew.
1320 1081 1353 1141 et

238 1177 360 1243 Nauck.
386 1176 424 1240 de
439 1176 554 1241 Paride
576 1178 771 1261 cogitarent,
795 1179 842 1241 ita
857 1178 1007 1243 omnibus
1022 1177 1201 1255 editoribus
1218 1178 1353 1243 difficul-
1472 1256 1475 1262 Ι

239 1283 322 1345 tates
345 1280 455 1345 movit.
498 1278 648 1343 Adducor
670 1281 774 1342 autem
797 1278 944 1361 pluribus
966 1281 1069 1344 causis
1091 1301 1194 1364 neque
1215 1281 1256 1344 iis
1278 1281 1354 1345 levi-

240 1381 313 1451 bus,
337 1384 375 1445 ut
389 1376 508 1445 κοινόν
523 1384 709 1464 corruptum
725 1400 794 1444 esse
808 1383 842 1443 et
855 1384 1012 1461 πρῶτος
1026 1381 1232 1446 scribendum
1247 1382 1353 1447 existi·

239 1504 333 1548 mem.
379 1480 466 1558 Quae
487 1483 624 1546 mutatio
648 1483 675 1544 si
697 1480 782 1546 forte
805 1480 956 1546 audacior
976 1482 1146 1555 videbitur,
1174 1485 1284 1547 tamen
1306 1504 1354 1547 ar·

239 1583 403 1667 gementis
431 1583 566 1666 prolatis
593 1603 687 1667 spero
714 1581 799 1657 fore,
828 1585 865 1648 ut
892 1583 994 1648 multo
1022 1582 1154 1659 facilior,
1186 1605 1228 1649 ne
1251 1584 1354 1649 dicam

240 1707 341 1769 paene
362 1685 556 1758 necessaria,
580 1684 769 1767 reperiatur.

302 1786 350 1850 Aa
378 1787 517 1869 primum
545 1784 675 1868 quidem
702 1784 931 1850 demonstrabo
954 1787 1051 1851 verba
1078 1783 1195 1851 κοινὸν
1208 1783 1293 1869 ”Apa
1321 1786 1355 1849 in

239 1889 299 1953 hac
321 1886 525 1970 antistropha
546 1886 652 1951 locum
666 1908 734 1951 non
749 1886 868 1951 habere
883 1890 916 1952 et
931 1887 970 1952 ab
986 1888 1217 1971 interpretibus
1234 1885 1357 1970 Sopho·
1412 1884 1413 1889 ’

240 1990 379 2054 olearum
412 1988 594 2053 fabularum
624 2007 720 2071 aegre
750 2009 820 2052 esse
849 1989 1015 2072 explicata.
1065 1988 1149 2053 Nam
1175 1987 1356 2053 Lobeckius

240 2090 371 2174 quidem
403 2090 526 2154 sincere
562 2090 778 2172 proloquitur,
819 2086 933 2165 κοινὸς
958 2086 1063 2173 ’Ἁρης
1095 2094 1202 2155 utrum
1235 2090 1358 2155 bellum

144 2184 147 2190 Δ
240 2192 415 2257 Troianum
446 2190 580 2255 denotet
606 2212 649 2255 an
676 2211 883 2273 quaecunque
910 2212 1052 2273 unquam
1081 2191 1252 2256 aGraecis
1275 2212 1358 2256 corn·

240 2295 381 2358 muniter
403 2295 496 2377 gesta
516 2294 596 2366 sint,
620 2293 655 2356 in
676 2292 830 2375 ambiguo
852 2293 1007 2376 relinqui3
1031 2295 1128 2358 ceteri
1144 2294 1281 2358 editores
1297 2293 1355 2356 illa

241 2396 338 2460 verba
365 2394 405 2458 ad
432 2416 522 2460 suam
550 2394 685 2476 quisque
714 2392 753 2458 de
776 2396 847 2458 toto
869 2394 940 2458 loco
963 2395 1159 2458 sententiam
1181 2415 1356 2459 accommo-

243 2497 318 2562 dare
346 2497 549 2561 studuerunt.
594 2493 857 2560 Schneidewinus
884 2497 970 2559 enim
997 2498 1030 2559 et
1055 2493 1219 2561 Nauckius
1244 2495 1358 2561 Erfur-

245 2600 350 2664 dtium
378 2581 492 2670 secuti,
527 2597 582 2679 qui
611 2597 729 2661 κοινὸν
748 2595 833 2680 ’Ἁρη
857 2597 1070 2681 explicaverat
1103 2597 1356 2681 ,,118118111(1110(1
1429 2602 1432 2606 ’

242 2701 371 2765 sociatis
398 2699 520 2763 viribus
548 2701 700 2781 gerunt“,
729 2700 928 2782 intellegunt
956 2700 1042 2778 „dea
1068 2719 1130 2764 oon
1157 2700 1241 2765 alcea
1268 2699 1357 2764 belle-

242 2803 369 2868 uisebea
396 2800 558 2866 Sidrameo
582 2803 773 2881 peracturum
800 2801 1076 2865 uuteraommeaea
1097 2799 1275 2883 Krieysaap
1304 2799 1358 2884 (cf.

231 2902 348 3000 phul.
362 2903 392 2977 1,
416 2902 463 2979 3),
492 2901 625 2968 uelata
648 2900 747 2967 Puris
768 2903 944 2966 omantosst
968 2903 1057 2967 bat“.
1103 2901 1205 2977 Quam
1228 2895 1356 2985 quidem

243 3005 437 3070 sententiam
465 3006 646 3089 improbata
675 3003 732 3067 illa
759 3003 798 3066 de
821 3002 936 3067 Paride
964 3004 1163 3087 cogitatione
1191 3024 1232 3067 ne
1254 3005 1358 3087 ipsam

242 3105 371 3188 quidem
400 3109 549 3171 constare
570 3092 671 3190 xposse
697 3109 841 3191 apparet.
885 3104 986 3169 Porro
1008 3104 1194 3169 Wunderus
1220 3103 1357 3169 8811111-

243 3206 363 3271 dorfius
386 3205 425 3271 de
447 3206 610 3272 locutione
632 3204 746 3284 κοινὰς
761 3205 863 3290 ’Ἁρης
884 3206 1022 3271 conferri
1044 3207 1159 3271 iubent
1180 3205 1217 3272 Il.
1243 3209 1278 3269 Σ
1295 3204 1358 3270 309

243 3307 340 3383 ξυνὸς
364 3304 536 3383 Ἐνυάλιος
560 3312 593 3372 et
614 3308 692 3373 Eur.
708 3308 831 3374 Phoen.
850 3308 931 3373 1572
953 3305 1072 3373 κοινὸν
1095 3303 1266 3372 ἐνυάλιον.
1311 3307 1358 3370 At

244 3405 344 3485 ξυνὸς
363 3405 426 3472 Ἐν.
451 3410 504 3491 (cf.
527 3408 586 3474 od.
609 3409 710 3474 1537
742 3409 852 3493 ἐπιμὶξ
881 3409 921 3474 da'
939 3432 975 3474 τε
996 3412 1149 3493 μαίνεται
1161 3407 1278 3491 Ἄρης)
1309 3410 1358 3472 est

243 3510 330 3574 Mars
349 3512 526 3576 communis
543 3509 648 3590 (cie),
671 3530 791 3594 aequus
809 3508 943 3590 (Ocea),
967 3533 1025 3594 par
1041 3510 1170 3591 (Hire),
1193 3513 1356 3593 aequatus,

243 3633 359 3695 anceps
390 3610 498 3693 (Lis),
531 3634 611 3695 quae
642 3612 838 3696 significatio
868 3612 975 3677 verbis
999 3615 1176 3692 στυγερῶν
1198 3609 1358 3687 ἔδειξεν

244 3711 361 3778 ὅπλων
389 3714 507 3778 κοινόν
523 3710 608 3796 ’Ἁρη
635 3735 701 3778 11011
730 3714 809 3778 satis
837 3713 917 3777 mihi
935 3712 1063 3777 videtur
1085 3712 1266 3778 convenire,
1311 3714 1358 3776 Ac

243 3837 285 3880 na
300 3813 435 3879 Wolffio
458 3814 586 3897 quidem
604 3816 640 3878 in
661 3814 722 3880 hac
743 3836 778 3879 re
800 3835 931 3897 possum
953 3815 1104 3878 assentiri
1125 3820 1212 3879 recte
1226 3814 1276 3878 illi
1291 3814 1358 3896 qui-

244 3917 317 3981 dem
350 3917 521 4000 explicanti
546 3913 649 3999 ’Ἁρης
682 3913 797 3980 ὅπλων
831 3917 913 3994 „der
942 3916 1076 3998 Kampf
1102 3918 1160 3981 vnit
1192 3914 1355 3998 Woffeo‘ss

243 4037 411 4101 perperam
434 4017 547 4093 κοινός
569 4021 785 4101 ‚peccaverim
810 4020 865 4082 der
879 4018 983 4101 Kriey
997 4019 1053 4082 der
1067 4017 1238 4082 Measobea
1252 4021 1358 4082 1111181-

243 4119 421 4183 eiaoudcr“
437 4118 646 4202 afferentique
662 4119 797 4184 eundem
813 4119 904 4183 illum
917 4120 1023 4184 locum
1035 4140 1073 4183 ex
1082 4118 1248 4202 Euripidis
1258 4117 1359 4183 Phoe·

242 4221 340 4284 nissis
362 4222 405 4302 (v.
421 4220 515 4303 1572)
536 4211 804 4305 1181111111,,ηὖρε
824 4222 925 4286 τέκνα
940 4217 1058 4285 κοινὸν
1076 4219 1235 4284 ἐνυάλιον
1249 4216 1358 4304 μάτηρ

243 4321 519 4405 μαρναμένουςίῑ.
556 4321 681 4407 Quippe
702 4344 769 4387 non
792 4323 956 4387 dubitabis
978 4345 1065 4386 κοιν,
1084 4321 1132 4386 ἐν.
1148 4321 1187 4386 ab
1204 4320 1360 4405 Euripide
