3192 4884
695 292 907 355 ...12....

242 459 288 525 Μ.
304 458 489 525 Schmidt
510 461 616 526 ἵππον
639 457 713 543 ἄγει
735 458 836 544 ζυγόν
860 458 946 545 ἀμφὶ
968 460 1063 546 λόφῳ
1085 461 1202 542 βαλεῖν
1223 464 1259 526 in
1281 464 1318 528 Z.
1334 464 1360 544 s.

287 565 341 627 ost.
359 561 473 646 ἅγιον.
490 562 591 641 XVI,
613 564 705 644 1865,
722 567 794 646 γαλ
815 563 1013 647 typographi
1035 567 1162 629 tantum
1183 568 1286 630 errato
1301 586 1362 649 pro

370 663 473 728 ἵππον
495 661 566 746 ἄγει
588 662 691 747 ζυγόν
713 661 915 747 ἀμφιβαλών
938 664 1032 751 λόφῳ
1054 665 1182 750 (Antig.
1201 666 1306 743 1880).

244 764 279 830 L.
296 763 340 830 de
362 765 384 831 J
389 786 437 830 an
458 765 564 830 ἵππον
585 763 714 842 ἀέξεται
736 763 822 849 ἀμφὶ
845 766 954 848 λόφον
976 771 1087 849 ζυγεῖν
1109 767 1188 847 (Eos
1203 768 1244 839 Π,
1269 765 1360 842 1866,

286 890 319 950 p.
337 866 402 949 10),
425 889 527 951 paene
548 869 628 932 item
649 874 687 932 ut
708 868 925 951 quadraginta
939 869 1006 933 fere
1021 870 1115 933 annis
1130 873 1205 934 ante
1222 868 1359 934 Doeder-

286 968 388 1044 linus,
422 970 473 1033 vd.
504 991 600 1052 supra
634 973 667 1034 et
695 969 803 1034 Wexii
837 970 913 1038 edit.
946 970 1062 1055 Antig.
1089 971 1170 1036 1829
1202 969 1243 1034 ad
1274 971 1363 1034 huno

287 1092 422 1139 versum.

246 1172 444 1236 Matthiae
466 1171 646 1237 Hermanni
675 1171 934 1237 emendationem
962 1175 1125 1257 (equinam
1153 1176 1222 1257 ipse
1250 1177 1363 1240 auctor

287 1274 411 1338 urbane
437 1296 456 1338 a
484 1274 622 1357 quodam
644 1276 751 1339 vocari
773 1276 876 1356 audit)
899 1297 1008 1340 mrsus
1031 1276 1168 1359 protulit
1188 1276 1289 1341 Beitr.
1304 1296 1365 1341 ναν

288 1375 476 1458 Ενᾶἵᾶναιιφ
497 1378 552 1441 der
573 1376 745 1459 Ανλῖφοαι,
769 1375 991 1459 ἄιᾶἵεαεῖνγαι
1011 1381 1103 1442 1871.

247 1476 284 1542 G.
302 1476 425 1543 Wolff
443 1477 549 1541 ἵππον
570 1477 649 1554 ἕσας
671 1474 745 1560 ἄγει
768 1474 966 1561 ἀμφιλοφον
988 1477 1103 1562 ζυγόν.

246 1577 340 1643 llud.
366 1577 671 1643 Rauohenstein
698 1579 804 1644 ἵππον
831 1576 1038 1663 ὑποστρέφει
1066 1580 1251 1665 α’μφιλόφφ
1273 1584 1363 1665 ζυγῷ

288 1682 323 1744 in
347 1679 500 1746 Fleckeis
522 1703 596 1746 ann.
613 1682 673 1745 115
696 1680 806 1773 (1877)
826 1704 857 1764 p.
871 1682 944 1749 452.

246 1783 284 1848 R.
306 1782 558 1865 Engelmann
586 1781 693 1847 ἵππον
721 1780 795 1865 ἄγει
824 1806 859 1847 τε
887 1782 943 1846 καὶ
966 1779 1051 1866 ἀμφὶ
1075 1784 1184 1865 λόφον
1213 1786 1309 1864 ζνγοῐ
1328 1785 1382 1847 ἰν

289 1885 363 1951 Brl.
379 1886 499 1952 Ζλεαῖιν.
514 1885 538 1966 f.
558 1882 674 1967 θγνιν.
690 1887 784 1963 1877,
802 1906 838 1966 p.
853 1888 925 1948 469.

248 1986 286 2052 G.
302 1988 323 2053 J
330 1988 422 2052 soob
446 1987 551 2052 ἵππον
573 1984 757 2069 όπλίζεται,
787 2007 869 2068 quae
891 1987 1075 2051 oonieotura
1097 2009 1116 2050 ει
1137 1985 1365 2051 Bellermanno

290 2091 325 2153 in
348 2089 489 2153 medium
510 2089 636 2172 prolata
657 2091 715 2153 est.

248 2190 340 2260 Lud.
356 2189 615 2255 Bellermann
636 2190 741 2254 ἵππον
765 2190 919 2269 ἐθίζεται.

248 2291 291 2358 Η.
306 2314 380 2357 van
400 2290 640 2356 Herwerden
662 2290 768 2355 ἵππον
783 2289 958 2375 ὀχμάζεται
973 2287 1176 2374 ἀμφιβαλών
1191 2289 1293 2373 ζυγόν
1315 2291 1366 2377 (ut

290 2393 454 2477 Blaydes.)
483 2390 621 2474 οὔρειόν
650 2391 676 2457 τ’
703 2399 758 2476 (an
786 2390 954 2476 ὑβριστάν
983 2391 1045 2474 τ’ἵ)
1080 2390 1210 2477 ἀκμῆτα
1238 2392 1366 2477 ταῦρον

294 2495 364 2574 „Ad
387 2498 498 2579 poetas
513 2497 657 2561 scenicos
673 2495 887 2561 Graecorum“
912 2497 948 2559 in
968 2495 1125 2560 Mnemos.
1141 2493 1181 2560 N.
1193 2492 1227 2563 S.
1243 2496 1304 2560 vol.
1319 2494 1365 2560 VI

250 2700 287 2766 G.
309 2698 553 2764 Autenrieth
586 2698 691 2764 ἵππον
726 2697 907 2784 ἐπᾴσσεται
943 2697 1213 2778 „Emendationes
1242 2698 1366 2783 Sopho·

291 2802 394 2866 eleae
415 2799 656 2883 Bipont.1879.

249 2902 285 2968 F.
301 2902 460 2967 Emlein
482 2901 588 2966 ἵππον
610 2900 686 2985 ἄγει
707 2901 817 2985 λόφον
837 2901 1040 2986 ἀμφιβαλών
1059 2901 1160 2985 ζνγόν
1184 2900 1370 2981 „Quaestio

291 3026 349 3069 nes
373 3002 587 3087 Sophooleae“
612 3003 860 3069 Rauen-Barea
884 3003 974 3069 1880.

250 3107 288 3174 G.
304 3106 344 3172 H.
357 3106 504 3170 muller
527 3107 687 3190 ἐθίζεται,
710 3109 749 3171 ut
769 3107 874 3171 tribus
897 3106 991 3170 annis
1014 3110 1090 3171 ante
1112 3107 1368 3181 Bellermannus,

291 3210 328 3271 in
349 3207 506 3275 Fleckeis.
521 3230 594 3273 ann.
614 3209 674 3274 123
696 3207 808 3293 (1881)
831 3230 860 3290 p.
877 3207 949 3272 536.

315 3309 381 3374 Tot
411 3310 477 3374 iam
503 3310 645 3374 virorum
675 3309 843 3374 doctorum
871 3310 1064 3374 coniecturis
1091 3310 1266 3393 propositis
1296 3331 1367 3374 oum

250 3413 356 3477 locum
378 3410 523 3477 nondum
543 3414 692 3476 sanatum
715 3432 783 3475 esse
806 3411 892 3475 inter
908 3432 1019 3475 omnes
1035 3410 1101 3475 fere
1117 3414 1244 3475 constet
1258 3431 1367 3476 conoe-

207 3578 211 3592 ,
253 3512 395 3597 dantque
418 3513 516 3577 etiam
537 3511 718 3588 Nauekius,
733 3508 941 3588 Wecklinus‚
964 3511 1168 3585 Dindorfius,
1192 3514 1247 3595 qui
1267 3515 1370 3577 ineer-

251 3625 315 3679 tam
350 3615 607 3679 emendationem
640 3636 709 3679 esse
736 3636 804 3679 non
832 3618 945 3698 neget,
980 3636 1076 3678 unam
1104 3614 1206 3679 audeo
1234 3614 1367 3686 adicere,

252 3738 332 3800 quae
355 3719 388 3781 et
406 3717 512 3781 lenior
525 3716 606 3780 mihi
620 3714 768 3781 videatur
782 3716 919 3780 mutatio
936 3718 969 3779 et
983 3716 1162 3799 simplicem
1176 3717 1368 3799 planamque

251 3818 446 3882 sententiam
469 3818 603 3884 efficere.
648 3817 746 3883 Reete
769 3818 856 3882 enim
879 3817 942 3881 iam
965 3815 1156 3882 Guilielmus
1175 3816 1319 3882 Dindorf
1338 3819 1370 3880 et

252 3919 412 4003 Georgius
440 3918 635 3984 Autenrieth
664 3922 899 4003 perspexerunt
924 3940 1020 4002 posse
1048 3919 1145 3982 etiam
1174 3916 1370 4002 ἀμφίλοφον

252 4019 353 4104 ζυγόν
376 4021 554 4086 subiectum
577 4022 737 4087 enuntiati
760 4042 844 4093 esse,
867 4041 938 4084 oum
961 4019 1016 4083 alii
1032 4041 1143 4084 omnes
1159 4016 1371 4103 περιφραδὴς

250 4118 336 4206 ἀνήρ
365 4123 544 4187 subiectum
572 4126 767 4188 statuerent:
797 4122 858 4186 hos
887 4142 949 4205 ego
972 4125 1103 4186 eatenus
1126 4124 1267 4197 secutus,
1296 4121 1371 4203 quis

251 4244 310 4287 neo
332 4223 494 4288 Dindorfii
517 4225 700 4289 coniectura
721 4221 851 4300 ἀέξεται
874 4245 1003 4289 sensum
1025 4245 1120 4306 quem
1141 4223 1212 4287 vult
1235 4243 1370 4305 „equum

252 4322 438 4388 dociliorem
466 4326 499 4387 et
527 4322 740 4390 sollertiorem
762 4325 871 4391 reddit
891 4327 1003 4408 iugum
1026 4327 1140 4390 oerviei
1162 4324 1371 4407 impositum“
