3192 4884
685 285 896 349 ...30-

228 475 266 516 ac
298 453 446 535 voluptas
478 456 586 525 unica,
621 475 684 536 qua
716 454 955 537 significatione
984 452 1091 538 ὄμμα,
1123 457 1169 518 sio
1198 458 1236 518 ut
1263 454 1348 537 apud

230 553 393 618 Romanos
416 555 526 619 oculus
548 555 599 618 vel
621 555 756 629 ocellus,
779 555 1012 638 frequentatur.

295 672 363 735 lam
385 676 487 736 restat
508 696 572 736 una
596 673 782 749 difficultas,
808 696 903 757 quarn
918 677 1110 758 interpretes
1126 678 1246 739 temere
1261 696 1350 756 prae·

231 775 402 849 teriemnt,
428 775 559 838 verbum
581 772 744 840 ἀποσπάω
767 775 838 839 dico
858 798 928 839 cum
945 775 1064 859 duplici
1079 777 1260 840 accusativo
1276 796 1350 840 eon·

231 877 385 941 iunctum.
428 875 563 941 Offendo
587 879 673 941 enim
695 878 746 941 vel
766 878 904 941 maxime
926 879 961 940 in
975 878 1081 941 verhis
1097 873 1294 952 ἀποσπάσας
1308 900 1350 960 με

230 974 337 1060 ὄμμα,
362 999 442 1060 quae
465 999 657 1062 quamquam
680 979 820 1044 editores
843 1000 954 1043 omnes
978 981 1023 1043 sic
1045 978 1272 1062 coniungenda
1287 980 1350 1042 exi-

232 1080 380 1153 stimant,
409 1080 473 1142 nisi
501 1081 528 1142 si
558 1081 630 1162 quis
659 1084 783 1144 mutare
812 1081 946 1155 mavult,
976 1084 1085 1145 tamen
1107 1080 1140 1143 id
1163 1081 1233 1143 fieri
1254 1102 1349 1164 posse

231 1201 299 1244 non
322 1179 474 1246 efficiunt.
518 1180 602 1246 Nam
625 1182 710 1264 quod
733 1181 934 1256 Wunderus,
958 1181 1136 1255 Nauckius,
1159 1182 1215 1245 alii
1239 1181 1350 1245 dicunt

232 1281 364 1345 verbum
387 1280 546 1346 ἀποσπάν
568 1284 716 1347 similiter
732 1287 828 1366 atque
844 1280 1064 1366 ἀφαιρεῖσθαι
1081 1287 1114 1348 et
1128 1283 1192 1346 alia
1207 1283 1350 1347 eiusdem

232 1384 361 1466 generis
390 1405 461 1448 cum
493 1385 613 1468 duplici
637 1383 818 1449 accusativo
841 1387 1048 1450 coniunctum
1070 1406 1155 1464 esse,
1182 1384 1266 1447 nihil
1288 1384 1350 1448 hoo

232 1483 317 1548 valet
345 1489 457 1550 contra
484 1487 533 1561 id,
563 1486 648 1569 quod
677 1489 712 1550 in
734 1487 884 1550 omnibus
907 1486 1101 1551 Graecorum
1124 1487 1253 1570 scriptis
1275 1508 1349 1550 nus·

233 1606 328 1668 quam
350 1583 507 1652 ἀποσπᾶν
529 1610 600 1652 oum
622 1590 800 1653 accusativo
824 1592 856 1653 et
877 1610 1034 1671 personae
1057 1591 1089 1651 et
1111 1589 1157 1651 rei
1175 1589 1349 1663 invenitur,

232 1690 267 1750 at
294 1689 480 1771 saepissime
508 1711 579 1753 cum
608 1692 759 1773 genetivo
783 1694 816 1754 et
836 1691 1016 1755 accusativo
1040 1689 1125 1774 apud
1147 1687 1348 1773 Sophoclem,

232 1788 430 1872 Euripidem,
446 1791 624 1865 Platonem,
643 1791 822 1875 Polybium,
836 1791 1053 1866 Plutarchum,
1072 1791 1236 1855 interdum
1252 1792 1350 1855 etiam

233 1887 315 1972 ἀπό,
339 1914 570 1976 nonnunquam
594 1893 631 1957 ἐν
653 1894 892 1976 praepositione
914 1893 1033 1957 addita.

297 2009 385 2085 Quae
413 2033 484 2075 cum
511 2012 558 2074 ita
580 2013 660 2086 sint,
689 2011 859 2076 Dindorfio
881 2033 1061 2096 pronomen
1083 2010 1275 2095 p'iortasse
1297 2011 1349 2075 de-

232 2110 379 2185 lendum,
407 2111 579 2196 Blaydesio
610 2111 646 2189 δς
666 2111 696 2195 γ’
723 2113 897 2196 legendum
925 2114 1061 2178 videtur.
1107 2113 1250 2189 Quorum
1277 2133 1370 2176 cum*

233 2217 348 2277 neuter
370 2213 433 2277 loci
455 2216 636 2296 sententiae
658 2215 863 2291 satisfecerit,
888 2216 1026 2279 conicio:

385 2348 422 2424 δς
443 2372 537 2432 μον,
561 2349 715 2434 νάιιιστε,
740 2349 996 2435 παιδδςδμιί
1020 2347 1217 2425 ἀποσπάσας

385 2446 469 2532 πρὸς
491 2447 638 2534 ὄμμασιν
660 2462 729 2528 τοῖς
751 2452 905 2536 πρόσθεν
928 2451 1047 2534 ε’ξοίχει
1069 2455 1126 2535 βία

233 2589 416 2668 comparato
438 2607 532 2650 versu
554 2587 629 2663 895,
653 2589 709 2651 ubi
724 2587 866 2671 Oedipus
888 2588 1039 2651 iniuriam
1055 2609 1074 2649 a
1088 2585 1227 2651 Creonte
1243 2607 1348 2669 accep-

233 2689 299 2750 tam
322 2687 448 2752 Theseo
471 2686 617 2752 indicans
639 2689 685 2752 sic
706 2689 865 2772 loquitur:

385 2823 505 2905 Κρέων
528 2820 589 2906 δ’δ’,
613 2822 654 2888 δν
677 2825 854 2909 δέδορκας,
879 2829 1004 2907 οἴχεται
1025 2823 1153 2888 τέκνων

386 2920 627 3002 ἀποσπάσας
647 2951 724 3010 μον
747 2924 808 3009 τὴν
831 2926 939 3009 μόνην
962 2924 1147 3007 ξυνωρίδα,

234 3059 288 3140 qui
317 3060 404 3124 locus
432 3084 563 3144 prorsus
593 3063 708 3126 similis
737 3065 786 3126 est
815 3064 844 3125 ei
870 3061 994 3143 dequo
1017 3062 1152 3143 agimus.
1198 3058 1348 3124 Ceterum

234 3158 274 3222 of.
292 3161 342 3225 Αἱ.
361 3161 455 3235 1024,
476 3164 570 3239 1176,
594 3164 644 3228 El.
660 3164 734 3233 809,
759 3163 836 3228 Oed.
851 3162 890 3227 R.
909 3162 1001 3227 1432.

100 3394 219 3441 mom,
299 3362 426 3429 Tertius
454 3366 557 3440 locus,
586 3367 626 3429 ad
649 3388 742 3449 quem
764 3365 968 3429 tractandum
990 3387 1076 3428 nunc
1098 3365 1279 3448 aggredior,
1307 3365 1350 3427 le·

136 3466 182 3509 ⁰²³·
234 3467 323 3548 gitur
345 3466 380 3529 in
402 3489 496 3531 versu
518 3468 589 3532 923.
635 3467 778 3532 Theseus
802 3467 993 3531 clamoribus
1009 3467 1195 3549 Antigonae
1213 3469 1246 3530 et
1260 3465 1353 3530 chori-

78 3566 80 3569 ’
234 3570 365 3632 vocatus
394 3570 546 3634 sacrificio
575 3571 756 3653 interrupto
779 3569 930 3643 accurrit,
960 3566 1145 3642 Creontem,
1174 3568 1230 3650 qui
1253 3568 1350 3631 etiam

235 3667 393 3751 Oedipum
415 3673 446 3734 vi
468 3671 625 3735 abducere
648 3673 790 3744 conatur,
814 3670 955 3754 appellat
976 3657 1138 3752 negatque
1152 3674 1229 3733 ante
1245 3691 1261 3732 e
1277 3671 1350 3732 oivi-

235 3772 302 3833 tate
335 3792 392 3835 sua
426 3774 584 3851 exiturum
618 3794 686 3837 esse
720 3794 815 3856 quam
848 3772 991 3855 virgines
1020 3774 1129 3854 raptas
1156 3770 1348 3854 reddiderit3

237 3870 352 3935 deinde
383 3894 458 3937 vero
488 3875 653 3958 obiurgat,
683 3874 768 3957 quod
798 3877 892 3956 raptu
919 3873 977 3937 illo
1007 3876 1039 3936 et
1066 3895 1100 3937 se
1128 3894 1164 3935 ac
1187 3873 1350 3937 civitatem

236 3994 325 4037 suam
348 3977 381 4038 et
402 3975 503 4058 ipsius
525 3977 662 4059 patriam
684 3979 781 4058 atque
804 3976 921 4038 amicos
944 3974 1197 4038 dedecoraverit:

387 4112 496 4175 καίτοι
518 4129 556 4175 σε
579 4113 691 4194 Θῆβαί
709 4108 738 4193 γ’
751 4108 814 4175 οὐκ
838 4111 1044 4174 ἐπαίδευσαν
1066 4104 1186 4173 κακόν·

387 4208 429 4275 οὐ
450 4209 515 4294 yolo
538 4216 699 4294 φιλοῦσιν
720 4211 849 4295 ἀνδρας
872 4211 1027 4287 ἐκδίκους
1048 4211 1197 4293 τρέφειν,
1250 4230 1299 4279 920

387 4310 459 4377 οὐδ’
482 4311 525 4377 ἀν
547 4310 575 4376 σ’
592 4313 813 4396 ἐπαινέσειαν,
838 4315 869 4377 εί
889 4317 1055 4377 πυθοίατο
