3192 4884
695 297 905 362 ,25-

242 417 315 530 dain
336 467 493 549 scriptura
508 466 625 531 codicis
641 467 743 549 Flora,
767 468 823 551 qui
838 469 924 532 vocis
940 465 1055 533 ἄλλων
1069 469 1203 534 ultimae
1218 470 1363 554 syllabae

242 588 258 631 o
282 569 532 650 superscriptum
555 568 668 652 hahet,
692 566 798 633 ἄλλον
822 570 976 634 scribere:
1005 591 1087 653 quae
1109 570 1204 635 lectio
1228 575 1363 655 propter

242 690 423 733 mensuram
447 670 534 733 vocis
556 669 735 753 respuenda
757 675 815 736 est.
859 671 974 755 Itaque
996 671 1077 735 mihi
1100 694 1178 755 opus
1202 693 1271 736 esse
1292 673 1360 738 leni

242 771 421 834 mutatione
442 770 570 834 videtur

415 886 457 952 οὐ
480 886 614 971 φορβάν
637 890 729 974 ἱερᾶς
749 896 811 973 γᾶς
833 893 973 976 σπόρον,
997 890 1060 956 οὐκ
1083 889 1202 955 ἄλλον

418 996 526 1074 αἴρων
548 988 622 1055 τάν
644 991 826 1076 νεμόμεσθ’
837 991 954 1077 ἀνέρες
976 991 1157 1077 ἀλφησταί.

241 1110 326 1176 Nam
349 1111 404 1174 ubi
426 1107 535 1174 ἄλλον
556 1132 615 1193 pro
634 1107 748 1174 ἄλλων
763 1113 1002 1195 scripserimus,
1027 1114 1124 1177 etiam
1139 1111 1202 1177 τόν
1217 1135 1276 1196 pro
1293 1118 1365 1177 τῶν

243 1211 447 1276 scribendum
471 1213 546 1289 erit,
570 1213 723 1295 quoniam
744 1213 878 1277 verbum
901 1213 1063 1297 νέμεσθαι
1086 1235 1157 1277 cum
1180 1216 1363 1279 accusativo

243 1314 453 1396 coniungitur
473 1335 578 1396 neque
599 1315 635 1376 in
656 1313 813 1377 librorum
836 1316 994 1399 scriptura
1009 1316 1072 1380 nisi
1087 1336 1145 1400 per
1159 1317 1364 1403 pronominis

243 1415 370 1480 relativi
392 1436 472 1498 quae
494 1414 611 1478 dicitur
627 1415 892 1480 assimilationem
908 1417 1094 1500 genetivum
1109 1416 1215 1482 habet.
1259 1416 1362 1493 Quam

243 1516 336 1582 facile
363 1516 560 1581 accusativus
589 1512 697 1580 ἄλλον
720 1517 755 1581 in
777 1519 965 1600 genetivum
987 1515 1103 1583 tillon
1125 1520 1285 1602 eorrumpi
1307 1541 1364 1602 po·

243 1618 358 1702 tuerit,
387 1620 478 1700 patet
499 1639 538 1682 ex
559 1618 761 1682 antecedenti
784 1619 935 1702 genetivo
959 1619 1052 1703 ἱερᾶς
1073 1624 1151 1704 γᾶς,
1174 1609 1363 1704 praesertim

244 1719 271 1784 si
304 1720 473 1802 opinamur
504 1719 673 1784 librarium
703 1719 841 1785 fortasse
878 1721 918 1785 de
950 1723 1095 1804 genetivi
1123 1721 1227 1786 forma
1255 1722 1367 1786 dorica

244 1819 353 1884 ἀλλᾶν
389 1821 564 1903 cogitasse,
603 1822 692 1886 cuius
726 1842 830 1905 genus
863 1822 1055 1887 femininum
1090 1825 1119 1887 ei
1152 1824 1364 1887 offensionem

245 1944 377 2006 eamque
399 1923 516 1986 iustam
539 1925 685 1990 moverit.
1297 1946 1300 1949 ¹

100 2158 237 2202 annuos.
308 2141 476 2206 Postremo
500 2164 537 2206 ex
560 2142 669 2208 fabula
691 2142 891 2208 Philoctetae
913 2144 1010 2208 affero
1033 2165 1142 2208 versus
1166 2144 1248 2207 1102
1261 2166 1307 2226 sq.

558 2252 586 2325 oi
608 2263 743 2345 τλάμων
765 2262 901 2346 τλάμων
924 2259 975 2343 ἄρ’
989 2258 1052 2343 ἐμοὶ

558 2363 614 2427 καὶ
636 2362 752 2450 μόχθῳ
775 2363 940 2447 λωβοιτός,

246 2482 301 2546 ubi
330 2478 405 2545 κόν
431 2481 548 2567 μόχθῳ
576 2482 781 2546 scribendum
806 2486 897 2566 puto.
941 2482 1047 2546 Huius
1070 2484 1155 2546 enim
1177 2483 1278 2566 ipsius
1301 2482 1364 2546 loci

245 2604 340 2648 causa
366 2582 551 2647 Ellendtius
579 2583 708 2648 videtur
735 2585 870 2648 vertisse
898 2582 1048 2667 λωβητός
1081 2584 1237 2663 „affectus
1262 2583 1364 2648 malo

247 2689 283 2749 et
305 2685 534 2766 contumelia“,
558 2685 643 2767 qnod
666 2685 860 2749 adiectivum
875 2689 984 2750 tamen
999 2684 1082 2748 nihil
1098 2683 1186 2749 aliud
1200 2685 1365 2768 significat

246 2787 310 2850 nisi
344 2787 488 2867 „iniuria
521 2787 587 2850 sive
618 2787 811 2851 contumelia
839 2787 997 2852 affectus“
1033 2786 1099 2870 (Αἰ.
1121 2787 1218 2869 1388,
1248 2785 1364 2850 Trach.

249 2887 342 2966 1069)
375 2891 430 2951 aut
459 2889 761 2967 ‚,contumeliosus“
790 2888 886 2966 (Phil.
909 2889 996 2968 601).
1048 2888 1247 2971 Quamquam
1274 2887 1365 2951 scho-

246 2989 342 3053 liasta
368 2990 432 3052 iam
461 2990 695 3073 interpretatur
723 2991 894 3065 ἐπίπονος.
945 2990 1019 3055 Mea
1047 2992 1155 3055 autem
1183 2991 1366 3054 coniectura

246 3089 334 3172 vide,
364 3111 459 3172 quam
482 3092 557 3174 apta
578 3091 660 3155 fiant
681 3091 881 3157 Philoctetae
903 3092 1001 3156 verba
1023 3091 1062 3155 ad
1086 3093 1272 3156 contextum
1294 3111 1365 3155 ora·

247 3193 356 3257 tionis.
400 3190 452 3270 „0
481 3213 532 3256 me
553 3194 731 3258 miserum“
759 3195 867 3277 inquit
894 3197 954 3275 „et
974 3194 1010 3256 in
1031 3193 1111 3276 ipsis
1130 3192 1181 3256 his
1203 3193 1367 3257 aerumnis

248 3296 281 3377 (i.
299 3316 324 3359 e.
348 3294 492 3376 quamvis
520 3315 570 3358 me
592 3298 741 3378 premant
762 3297 922 3376 miseriae)
951 3295 1146 3359 contumelia
1173 3294 1365 3359 affectum“:

249 3397 370 3460 etenim
394 3394 509 3460 chorus
531 3397 675 3478 proxime
699 3396 797 3478 (1095
809 3403 892 3480 sqq.)
909 3396 1124 3461 Philoctetam
1139 3397 1245 3480 ipsum
1259 3398 1368 3460 aucto·

248 3518 316 3560 rem
340 3517 408 3560 esse
429 3517 504 3561 suae
526 3498 673 3562 miseriae
696 3498 824 3562 obiecit.

111 3728 170 3771 oea.
182 3724 233 3772 001.
312 3708 450 3773 Restant
465 3709 644 3792 complures
658 3710 737 3793 loci,
761 3708 933 3792 dequibus
949 3708 1126 3792 disputem,
1150 3730 1187 3772 ex
1203 3708 1370 3792 Oedipode

149 3799 198 3843 ⁵¹⁷·
250 3808 392 3874 Coloneo
410 3810 602 3894 deprompti.
641 3810 782 3887 Quorum
800 3812 923 3894 primus
942 3812 1042 3875 estin
1057 3831 1150 3875 versu
1167 3812 1240 3875 517.
1275 3808 1369 3875 Oedi·

250 3932 309 3995 pus
332 3911 430 3977 choro
452 3912 631 3995 flagitanti,
654 3934 735 3995 quae
757 3911 858 3976 fuerit
879 3911 1071 3976 insanabilis
1092 3910 1241 3977 miseriae
1263 3933 1368 3994 causa,

183 4038 185 4044 ’
250 4012 371 4078 frustra
392 4016 571 4099 repugnat3
595 4014 710 4079 chorus
734 4013 821 4078 enim
843 4017 1041 4097 perseverat:

251 4257 350 4323 Itaque
368 4262 510 4313 converte:
533 4275 589 4311 non
608 4258 713 4312 habens
729 4274 780 4326 pro
800 4256 860 4312 cibo
878 4257 951 4311 fetus
968 4257 1014 4311 vel
1031 4257 1126 4327 fruges
1144 4259 1255 4311 sanctae
1272 4258 1370 4323 terrae,

250 4356 301 4394 nec
318 4344 379 4409 (pro
397 4342 458 4397 cibo
476 4341 592 4412 habens)
610 4342 682 4396 fetus
700 4339 819 4396 aliarum
838 4358 929 4396 rerum
947 4341 1048 4410 quibus
1065 4340 1201 4397 vescimur
1214 4340 1370 4396 homines“.

1009 4526 1027 4564 t
