3192 4884
711 316 920 379 ..22-

254 487 466 550 necessariam
497 507 565 550 esse
593 507 634 549 nc
664 504 724 568 ego
751 484 880 568 quidem
909 485 1015 549 iudico
1044 485 1197 567 exemplis
1225 485 1331 549 allatis
1354 507 1373 548 a

255 587 428 652 Dindorfio
451 590 485 652 et
498 585 644 651 Nauokio
668 586 708 649 ad
723 586 774 650 El.
789 587 857 650 174.
903 585 1069 650 Addubito
1092 590 1202 650 tamen
1220 587 1256 649 in
1276 588 1375 670 scrip·

255 692 328 752 tura
350 688 470 753 tradita
491 690 624 772 propter
645 688 906 752 coniunctionem
929 688 1029 771 ηνίκα
1052 687 1140 751 brevi
1156 688 1260 772 spatio
1275 688 1374 751 inter·

256 791 338 854 iecto
366 791 417 854 bis
445 791 615 873 repet-itam
638 788 846 872 suspicorque
870 788 1004 852 alteram
1027 786 1128 872 ἡνίκα
1149 790 1185 852 in
1206 811 1235 853 v.
1249 789 1313 853 564
1335 811 1373 853 ex

255 913 284 956 v.
300 891 363 956 562
386 892 561 975 irrepsisse.
607 888 676 967 Qua
698 890 737 954 de
760 912 854 955 causa
876 890 1081 954 scribendum
1103 893 1182 976 puto

408 1007 445 1085 ὃς
467 1007 565 1093 κάμέ,
589 1006 649 1074 τόν
671 1012 829 1093 πατρῷον
851 1006 953 1091 ἡνίκα
974 1008 1098 1073 στόλον

409 1108 472 1189 ξόν
490 1109 651 1191 Ἡρακλεῖ
669 1108 706 1173 τό
729 1114 866 1191 πρῶτον
890 1102 982 1186 εόνις
1005 1108 1166 1194 ἑσπόμην,

408 1210 523 1294 φέρων
547 1209 713 1294 respon
735 1249 776 1259 -
798 1202 902 1296 ἦμεν
926 1211 969 1276 ἐν
991 1211 1080 1296 μέσῳ
1103 1209 1197 1297 πόρῳ
1219 1249 1262 1257 -

407 1313 508 1391 ψαύει
530 1316 684 1397 ματαίαις
706 1316 831 1395 χερσίν.
1124 1304 1125 1307 “

256 1433 368 1517 Neque
402 1433 489 1499 enim
521 1431 560 1496 de
588 1430 693 1497 Nesso
725 1453 831 1514 neque
860 1430 899 1496 de
929 1453 964 1496 se
989 1432 1206 1515 potissimum
1222 1431 1375 1496 Deianira

255 1536 345 1619 loqui
368 1534 506 1601 debebat
529 1534 584 1599 sed
609 1533 647 1598 de
670 1533 842 1598 ambobus:
865 1533 999 1616 pluralis
1014 1534 1117 1616 igitur
1131 1533 1257 1597 numeri
1272 1534 1375 1617 prima

256 1657 394 1722 persona
416 1635 629 1720 exspectanda
652 1640 729 1700 erat.
774 1634 836 1699 Per
858 1635 1068 1719 parenthesin
1086 1638 1192 1699 autem
1207 1634 1264 1698 illa
1278 1635 1377 1698 verba

257 1737 442 1821 accipienda
463 1739 554 1821 sunt,
579 1738 666 1801 ouius
689 1738 735 1801 rei
756 1736 917 1820 permulta
935 1757 1097 1819 apponere
1111 1738 1257 1819 poteram
1274 1758 1376 1800 exem·

257 1839 325 1923 pla,
348 1840 412 1903 nisi
434 1836 623 1904 notissimus
646 1838 699 1902 hic
721 1858 797 1902 usus
822 1840 914 1924 esset.

106 2062 246 2107 cranaos.
320 2042 360 2106 Iu
382 2043 523 2107 transitu
546 2043 673 2125 attingo
697 2040 813 2105 Trach.
830 2040 908 2105 984:

344 2152 371 2225 ῶ
394 2164 473 2244 Ζεῦ,

342 2273 403 2327 ποί
421 2267 483 2345 γᾶς
505 2254 591 2346 huon
616 2256 707 2345 παρὰ
728 2271 814 2325 τοῖσι
837 2263 972 2344 βροτῶν

343 2373 454 2448 κεῖμαι
470 2365 700 2447 πεπονημένος
715 2358 892 2445 ἄλληττοις
907 2358 1078 2445 (ἀρρήτοις
1094 2360 1246 2445 Sublroff)
1296 2386 1346 2434 985

345 2463 499 2543 ὀδύναις;

257 2586 314 2650 ubi
337 2605 398 2669 ego
421 2584 551 2667 quidem
566 2584 757 2668 persuadere
772 2583 853 2648 mihi
869 2605 935 2646 non
951 2604 1097 2667 possum,
1119 2586 1157 2646 ut
1172 2582 1276 2647 forme
1290 2594 1378 2648 τοῖσι

230 2674 239 2696 ’
257 2688 309 2752 vel
331 2687 435 2751 τέοισι
444 2734 453 2769 ,
479 2690 513 2751 ut
527 2685 714 2769 Kruegerus
729 2685 816 2769 vult,
841 2682 1032 2764 Sophoclem
1046 2707 1139 2748 usum
1155 2705 1224 2748 esse
1240 2685 1376 2749 credam.

259 2790 312 2854 Ab
341 2787 519 2853 editoribus
547 2787 650 2852 forma
671 2787 815 2851 insolens
838 2797 927 2851 τοῖσι
950 2784 1133 2850 defenditur
1155 2789 1192 2849 ut
1213 2788 1378 2850 contracta

259 2912 297 2955 ex
318 2891 423 2955 ionica
445 2888 548 2954 τέοισι
569 2911 628 2973 pro
651 2892 736 2971 τίσι,
761 2910 893 2971 eamque
915 2891 1011 2952 metri
1034 2908 1128 2953 causa
1141 2891 1273 2971 poetam
1288 2910 1377 2953 usur·

258 2992 384 3076 pavisse
410 2990 599 3056 Dindorfius
632 2990 777 3057 adnotat.
827 2989 982 3054 Potestne
1016 2990 1102 3072 fieri,
1135 2992 1172 3053 ut
1201 2988 1376 3074 Sophocles

259 3093 425 3175 scripsisse
449 3093 650 3156 existimetur

615 3206 692 3292 παρ
721 3213 808 3273 τίσι
833 3210 1024 3274 θνατῶνί

258 3351 317 3414 pro
340 3326 448 3412 παρὰ,
471 3350 512 3392 ne
533 3329 835 3412 proceleusmaticus
850 3327 1000 3411 prodeat,
1023 3350 1081 3411 per
1095 3350 1259 3412 apocopen
1274 3328 1378 3393 forma

260 3428 328 3514 παρ
351 3431 474 3514 posita,
503 3452 599 3514 quem
621 3451 717 3512 supra
738 3452 767 3492 v.
784 3429 847 3493 636
869 3430 1008 3513 Μηλίδα
1031 3429 1100 3513 πὰρ
1124 3432 1247 3513 λίμναν
1269 3453 1287 3494 a
1310 3429 1380 3494 Tri·

259 3533 357 3596 clinio
379 3534 563 3597 restitutam
588 3529 655 3595 fere
678 3552 788 3594 omnes
813 3530 952 3595 editores
974 3534 1179 3614 receperunt,
1209 3553 1277 3596 non
1297 3532 1378 3595 item

259 3632 376 3697 Aeseh.
397 3633 491 3698 Eum.
514 3633 577 3697 229
599 3632 735 3696 Medicei
758 3632 950 3714 scripturam
972 3630 1073 3715 μέγας
1094 3628 1159 3715 γὰρ
1182 3635 1287 3716 ἔμπας
1310 3632 1378 3710 παρ

260 3733 345 3810 Διός
373 3734 514 3818 θρόνοις
542 3734 649 3816 λέγει,
679 3733 735 3797 ubi
757 3732 920 3798 Porsonus
948 3730 1039 3816 παρὰ
1062 3732 1146 3809 Διὸς
1167 3734 1314 3799 correxit.
1336 3772 1379 3783 -

259 3836 414 3902 Extrema
443 3839 550 3900 autem
578 3857 654 3900 voce
682 3838 822 3900 θνατῶν
846 3835 881 3898 in
903 3837 1039 3918 βροτῶν
1061 3838 1186 3901 mutata
1219 3835 1271 3918 (cf.
1295 3835 1378 3900 Phil.

261 3939 320 4003 177
334 3960 381 4021 sq.
404 3930 432 4045 pi
455 3935 606 4020 παλάμαι
627 3940 722 4001 θεῶν
747 3934 775 4022 [e
792 3935 989 4000 Lachmanni
1012 3939 1196 4001 coniectura
1217 3959 1275 4021 pro
1291 3944 1378 4020 θνη-

259 4039 362 4124 τῶν],
390 4063 415 4104 οι
441 4035 594 4103 δόστανα
614 4039 696 4121 γένη
718 4040 865 4121 βροτῶν,
893 4038 949 4102 ubi
971 4039 1120 4102 similiter
1141 4044 1275 4122 propter
1296 4041 1376 4122 βρο-

259 4144 329 4205 τῶν
358 4140 443 4225 quod
472 4162 566 4205 versu
593 4141 777 4223 insequenti
804 4140 926 4223 legitur
953 4161 1027 4203 vera
1050 4140 1208 4222 scriptura
1230 4140 1321 4205 θεῶν
1343 4141 1378 4203 in

145 4266 150 4273 ·
259 4246 401 4325 θνητῶν
423 4245 573 4324 corrupta
596 4244 658 4324 est)
681 4245 809 4325 postea,
832 4243 869 4304 ut
892 4243 1028 4321 metrum
1052 4246 1292 4324 exaequaretur,
1316 4240 1379 4305 fac·

260 4346 328 4405 tum
353 4346 417 4426 est,
440 4348 478 4408 ut
498 4353 585 4407 τοῖσι
607 4343 793 4407 scriberent.
