3192 4884
697 321 886 383 ..6-

239 491 350 557 eudem
378 490 617 574 significatione
645 490 767 555 dictum
795 494 908 575 putere
936 512 999 574 que
1027 491 1068 556 ab
1096 490 1253 561 Homero,
1284 511 1357 554 cum

238 593 436 676 reputaveris
457 591 573 657 fratres
597 591 777 675 (Eteoclen
793 595 827 656 et
841 591 1043 675 Polynicem)
1059 593 1146 656 inter
1161 612 1195 655 se
1210 611 1357 674 pugnan-

239 699 288 759 tes
304 694 440 758 alterum
455 694 587 758 alterius
603 715 699 758 manu
715 692 875 766 cecidisse,
893 712 970 775 ergo
986 693 1056 777 peri
1068 691 1172 756 Marte
1183 711 1356 776 pugnasse.

305 794 380 860 Non
402 796 481 860 sutis
503 795 605 878 igitur
620 794 751 859 defendi
765 794 846 858 mihi
860 793 1012 858 videntur
1026 794 1125 859 verbu
1138 790 1358 877 κοινόν”Αρη.

241 896 343 979 Atqui
365 898 474 979 paucis
496 896 642 960 versibus
663 900 739 960 ente
762 899 795 959 et
817 895 946 979 quidem
968 895 1003 957 in
1025 895 1090 960 fine
1112 916 1223 960 versus
1248 895 1357 959 πολύ-

243 1019 361 1062 κοινον
374 995 493 1062 ’Ἅιδαν
513 998 643 1080 legitur.
666 996 752 1061 unde
775 996 879 1061 elucet
894 993 1012 1061 κοινὸν
1028 995 1121 1061 focile
1136 997 1172 1060 in
1190 996 1275 1061 hunc
1290 1017 1359 1062 ver-

243 1122 314 1164 sum
331 1099 412 1164 1196
434 1100 574 1183 irrepere
596 1099 750 1181 potuisse.
795 1098 921 1162 Deinde
944 1120 1041 1182 supra
1061 1099 1172 1164 monui
1195 1101 1271 1161 ente
1286 1120 1359 1162 κοι-

242 1198 306 1265 νὸν
338 1203 374 1264 in
402 1222 467 1265 uno
494 1201 617 1284 optimo
646 1198 755 1264 codice
782 1199 961 1282 complures
988 1200 1114 1264 litteras
1144 1222 1250 1264 erasas
1274 1221 1359 1264 esse:

228 1324 352 1374 ,nonne
373 1303 443 1366 fieri
465 1304 584 1386 potuit,
607 1304 645 1364 ut
658 1301 783 1364 librarii
799 1322 906 1365 errore
919 1299 1080 1365 Ἕλλασιν
1095 1304 1227 1382 πρῶτος
1241 1298 1361 1365 κοινὸν

239 1402 322 1487 ”App
337 1403 540 1476 scriberetur,
555 1402 652 1484 idque
668 1424 709 1467 ne
726 1402 878 1485 strophae
889 1423 1041 1467 numeros
1054 1403 1228 1471 excederet,
1242 1403 1361 1466 iterum

243 1526 300 1590 per
323 1526 463 1569 errorem
485 1526 552 1568 non
575 1501 703 1585 κοινὰν,
727 1504 812 1586 quod
836 1503 987 1575 debebat,
1010 1504 1066 1569 sed
1089 1506 1221 1587 πρῶτος
1241 1504 1360 1568 delere·

243 1607 320 1671 tur?
348 1608 388 1671 ad
415 1609 552 1671 metrum
577 1607 713 1671 scilicet.
741 1609 815 1670 utre
837 1626 898 1669 vox
920 1607 1060 1670 abesset.
1089 1604 1172 1670 nihil
1193 1607 1361 1673 intererat.

244 1707 414 1773 Postremo
436 1706 563 1772 videtur
585 1709 682 1773 etiam
704 1707 878 1772 scholiasta
901 1706 963 1786 (vd.
979 1729 1010 1790 p.
1023 1708 1059 1781 4,
1081 1707 1155 1774 adn.
1172 1708 1207 1788 2)
1230 1714 1363 1789 πρῶτος

244 1809 375 1892 legisse,
405 1809 523 1892 quippe
551 1811 607 1891 qui
634 1809 772 1893 explicet
798 1806 817 1873 ὁ
845 1812 933 1891 πρῶ
941 1831 1007 1884 τος
1037 1803 1239 1887 ελσενενκών
1260 1811 1362 1872 πολε·

243 1907 403 1993 pressiore
425 1906 531 1991 ὅπλα,
554 1913 667 1975 contra
689 1911 728 1975 de
750 1910 915 1975 locutione
938 1906 1153 1994 κοινὸν”Αρη
1175 1911 1254 1979 setis
1277 1911 1363 1975 inso-

244 2012 326 2074 lenti
351 2033 483 2094 prorsus
505 2014 620 2076 taceat.
653 2051 690 2059 —
721 2012 803 2086 lem,
832 2033 964 2094 quaeso,
998 2012 1250 2094 contemplemur
1276 2012 1363 2075 simi·

244 2113 307 2175 lem
329 2113 435 2177 locum
459 2112 595 2187 Tibulli,
619 2113 727 2196 quil,
754 2113 917 2196 10‚1sqq.
941 2115 987 2177 sic
1008 2113 1168 2196 queritur:

352 2212 430 2288 Quis
453 2214 529 2287 fuit,
553 2213 733 2280 horrendos
754 2216 877 2299 primus
901 2216 956 2297 qui
977 2213 1114 2299 protulit
1137 2214 1250 2278 enses?
1288 2222 1291 2225 '

395 2314 497 2391 Quom
519 2319 605 2383 ferus
629 2321 661 2382 et
683 2337 757 2380 vere
779 2316 902 2380 ferreus
925 2316 981 2381 ille
1003 2314 1081 2380 fuit!

351 2415 435 2482 Turn
457 2420 568 2485 caedes
590 2419 758 2484 hominum
780 2419 908 2501 generi,
931 2422 1000 2482 tum
1022 2418 1145 2501 proelia
1166 2422 1257 2490 nats,

393 2519 477 2584 Tum
498 2521 628 2586 brevior
650 2520 738 2585 dirae
760 2521 875 2584 mortis
898 2524 1010 2603 apertu
1031 2520 1128 2605 visst..

350 2621 404 2685 An
425 2621 509 2687 nihil
531 2623 587 2686 ille
608 2623 706 2686 miser
727 2621 868 2685 meruit?

308 2720 396 2798 Quae
418 2744 489 2788 cum
512 2724 681 2797 scriberet,
704 2744 813 2788 nonne
835 2728 911 2787 ante
934 2724 1043 2788 oculos
1065 2723 1192 2788 videtur
1213 2722 1362 2788 Tibullus

244 2821 414 2906 Sophoclis
450 2826 610 2890 canticum
643 2824 817 2889 habuisse?
866 2822 1025 2908 Compare
1055 2825 1151 2889 modo
1185 2830 1364 2908 στυγερῶν

243 2920 360 2988 ὅπλων
396 2962 438 2976 -
472 2925 671 3011 „horrendos
700 2931 822 3001 enses“,
853 2935 964 3002 κεῖνος
991 2928 1133 3007 ἔπερσεν
1159 2923 1372 3011 ἀνθρώπους,

244 3062 287 3072 -
309 3024 414 3110 „Tum
437 3027 547 3093 caedes
569 3027 738 3093 hominum
761 3029 874 3111 generi
898 3031 1033 3106 (nats)“,
1064 3028 1201 3111 denique
1224 3051 1363 3095 exsecra·

244 3127 367 3192 tionem
390 3127 479 3194 chori
501 3150 573 3193 cum
590 3128 775 3195 Tibulliana
796 3180 813 3203 „
823 3131 874 3193 An
897 3128 980 3192 nihil
1001 3129 1057 3193 ille
1078 3130 1176 3194 miser
1196 3131 1363 3195 16666111·ι

244 3227 314 3292 Nec
343 3228 433 3294 deest
459 3231 543 3315 apud
567 3230 733 3296 Tibullum
759 3253 821 3296 vox
844 3232 991 3315 „primus
999 3242 1025 3303 “,
1053 3251 1134 3313 quae
1162 3230 1363 3298 desideratur

246 3330 282 3392 in
305 3332 429 3396 cantico
452 3330 641 3415 Sophocleo.
685 3331 826 3398 Proinde
849 3333 1023 3397 scribemus
1046 3353 1174 3396 versum
1198 3333 1281 3398 1196
1302 3336 1362 3400 ite:

590 3432 751 3499 Ἕλλασιν
773 3438 908 3517 πρῶτος
922 3430 1014 3517 Ἄρη.

310 3535 469 3609 „Utinam
496 3541 571 3601 ente
599 3537 633 3598 in
661 3535 792 3600 aethera
820 3536 942 3600 abisset
968 3537 1025 3600 aut
1051 3537 1085 3598 in
1109 3535 1279 3600 Tartarum
1306 3538 1363 3601 ille

246 3636 357 3711 homo,
389 3639 445 3720 qui
473 3637 706 3702 horrendorum
735 3658 896 3701 armorum
924 3656 1067 3720 pugnum
1095 3636 1210 3703 Graios
1239 3638 1362 3722 primus

245 3736 396 3802 docuitl“
425 3737 542 3804 Omnia
562 3742 631 3804 tum
653 3741 740 3803 recte
762 3759 796 3802 se
819 3738 999 3811 habebunt,
1022 3759 1082 3802 nec
1103 3739 1167 3803 iam
1183 3759 1277 3804 66666
1292 3741 1362 3813 erit,

246 3860 302 3904 cur
324 3842 518 3923 interpretes
540 3861 616 3905 voce
637 3862 705 3905 non
726 3842 803 3923 epte
824 3835 942 3904 νοινὸν
964 3840 1088 3904 inducti
1103 3842 1137 3904 in
1152 3842 1277 3905 tentem
1293 3863 1363 3905 sen-

245 3941 421 4006 tentiarum
444 3941 664 4007 diversitatem
687 3940 863 4006 discedant.
871 3945 893 4019 1)

316 4113 340 4178 1)
357 4110 473 4165 Prorsus
495 4109 603 4164 eliade
621 4126 716 4175 cause,
740 4111 816 4177 quod
833 4110 951 4164 formam
969 4111 1168 4180 δορυσσσητων
1185 4110 1214 4164 in
1232 4110 1363 4182 strophae

244 4212 271 4252 v,
286 4201 352 4251 1188
369 4195 481 4255 defendi
498 4212 555 4250 non
572 4211 652 4263 posse
670 4192 718 4248 sed
730 4195 874 4263 ἃσρνσσῶν
887 4194 1062 4249 scribendum
1073 4195 1203 4263 putabet,
1221 4193 1363 4248 Nauckiue

245 4278 275 4331 in
295 4295 375 4332 versu
393 4278 593 4349 antistrophico
611 4274 708 4333 κοινὰν
725 4278 875 4334 delendum
893 4279 1010 4334 coniecit
1026 4279 1056 4333 in
1074 4279 1363 4334 Fleckeis.unn.1862

246 4379 272 4428 p.
289 4369 344 4427 156,
365 4369 419 4418 159.
