3192 4884
669 315 880 382 „33-

214 488 324 553 multis
357 486 523 571 Aeschyli.
560 486 742 571 Sophoclis,
775 488 942 572 Euripidis
976 489 1129 572 exemplis
1162 488 1336 571 probatur:

215 611 342 673 appono
370 589 485 656 nesci.
510 586 598 672 sept.
619 590 654 657 3,
685 588 782 673 soph.
809 588 890 654 Phil.
918 590 980 654 848
1015 569 1139 674 (laag
1174 588 1334 674 ἄυπνος),

124 730 128 738 ·
214 691 291 756 Eur.
306 690 360 756 Or.
377 692 427 764 83,
452 689 563 777 Suppl.
583 692 672 756 1137.

277 793 448 875 Reliquum
471 796 534 857 est.
557 796 594 856 ut
617 793 655 857 de
673 794 749 858 Ant.
765 817 793 857 v,
811 794 873 858 878
890 794 1005 859 dicam,
1029 795 1099 868 nbi,
1124 792 1469 859 contradicamus.
1549 801 1553 806 '

215 896 372 977 scriptura
393 894 484 959 τάνδ’
497 893 631 978 ἕτοίμαν
654 892 737 960 ὁδόν
758 895 891 979 propter
913 901 1051 960 metrum
1074 900 1221 979 suspecta
1239 899 1332 969 esset,
1590 880 1591 887 ἵ

214 995 403 1061 Dindorfius
432 1000 608 1079 praeeunte
635 997 767 1061 Reiskio
800 995 862 1061 τάν
895 998 1052 1082 πυμάταν
1083 994 1166 1062 ὁδόν
1194 998 1332 1080 scripsit,
1591 969 1593 1097 l

215 1097 373 1164 01.v.807
404 1097 467 1162 τάν
496 1095 620 1162 νεάταν
642 1095 725 1163 ὁδόν
748 1101 991 1184 (στείχουσαν).
1036 1100 1139 1164 Immo
1162 1101 1258 1163 etiam
1282 1099 1333 1162 hic

215 1198 288 1264 τάν
318 1198 471 1264 νεάταν
503 1196 585 1265 ὁδόν
618 1199 822 1266 scribendum
855 1204 935 1284 puto
964 1201 1005 1266 ob
1036 1201 1169 1266 eandem
1197 1222 1332 1266 causam,

215 1324 278 1384 qua
306 1302 344 1366 de
372 1323 467 1366 causa
489 1300 750 1369 Oed.col.1236
777 1300 932 1386 πύματον
960 1304 1063 1371 reieci.
1108 1302 1220 1386 Neque
1246 1303 1332 1367 enim

214 1405 318 1487 magis
346 1403 471 1468 νεάταν
498 1427 516 1468 a
542 1405 671 1468 traditis
701 1405 808 1469 verbis
836 1403 957 1470 recedit
984 1427 1080 1488 quam
1102 1404 1272 1490 πυμάταν,
1301 1409 1334 1469 et

214 1505 278 1570 tale
305 1506 509 1579 vocabulum,
542 1506 628 1590 quod
655 1506 838 1589 ubicunque
861 1508 999 1571 occurrit
1021 1506 1212 1572 scholiastae
1234 1506 1332 1589 expli-

215 1629 286 1672 care
307 1628 436 1672 necesse
459 1607 596 1674 habent,
619 1609 705 1673 ultro
723 1610 759 1672 in
775 1607 957 1673 fabularum
972 1612 1157 1674 contextum
1173 1608 1333 1673 inculcare

216 1708 339 1774 dubito.
383 1708 482 1774 Recte
510 1730 585 1774 vero
607 1708 772 1775 Nauchius
801 1714 913 1776 monet
935 1711 1136 1794 Antigonam
1163 1709 1266 1793 epodo
1293 1710 1332 1774 ad

215 1810 341 1875 casdem
363 1810 509 1894 querelas
531 1833 692 1876 recurrere
715 1833 793 1895 quas
817 1813 969 1895 strophae
991 1813 1085 1877 initio
1102 1812 1246 1895 socsqq.
1261 1833 1333 1894 pro-

214 1912 350 1977 fuderit:
380 1934 458 1976 num
481 1913 602 1977 eisdem
623 1914 712 1978 illam
735 1914 842 1979 verbis
864 1912 927 1979 τάν
949 1913 1073 1978 νεάταν
1095 1910 1178 1977 ὀδόν
1198 1911 1333 1998 (άγομαι

214 2014 265 2078 vel
287 2016 438 2098 ἔρχομαι)
460 2014 509 2078 uti
531 2014 672 2079 alienum
694 2016 790 2080 nobis
812 2014 997 2080 videbitur?

277 2184 330 2248 Ad
353 2186 530 2249 extremum
554 2188 739 2268 corruptum
763 2206 832 2250 esse
854 2185 961 2250 iudico
984 2207 1111 2250 versum
1134 2185 1211 2250 966:
1295 2233 1299 2240 .
1351 2202 1470 2247 οτααοι.

368 2295 440 2367 ἐπεὶ
463 2298 688 2367 ααθάὑτόν
709 2300 738 2385 γ’
750 2301 815 2368 οὐκ
836 2301 880 2368 ἄν
904 2304 1054 2385 ἐξεύροις
1077 2306 1150 2389 ἐμοὶ
1385 2274 1434 2347 ”l'

366 2401 528 2488 ἁμαρτίας
550 2401 680 2481 ὄνειδος
702 2402 806 2470 οὐδὲν
828 2404 905 2472 ἄνθ’
925 2404 1006 2471 ὅτου

365 2505 494 2583 τάδέίς
517 2505 665 2591 ἐμαυτὸν
687 2507 765 2584 τούς
788 2505 891 2593 ἐμούς
911 2504 1163 2593 θ’ἡμάρτανον.

214 2625 371 2691 Homines
400 2626 486 2691 docti
515 2631 648 2691 censent
674 2624 869 2692 ααθάὑτόυ
896 2651 915 2692 a
938 2625 1097 2712 Sophocle
1120 2626 1240 2691 dictum
1263 2648 1332 2692 esse

214 2750 272 2810 pro
295 2724 364 2792 κατ’
378 2725 536 2811 ἐμαυτόν,
560 2729 646 2812 quod
670 2728 798 2794 disertis
819 2731 925 2794 verbis
941 2728 1137 2801 Meinekins‚
1160 2727 1331 2802 Nauchius,

214 2828 404 2892 Kuchnerus
435 2829 673 2910 (Aresfiihrliohe
700 2829 904 2895 drammatis
938 2833 994 2894 der
1022 2830 1136 2912 priscii.
1165 2829 1332 2911 caracter,

213 2930 238 3014 §
250 2932 323 3013 455,
342 2942 368 3004 7,
387 2932 433 3014 t),
464 2930 504 2995 al.
524 2930 678 2994 indicant.
728 2930 800 2995 Hoc
827 2936 883 2997 aut
910 2933 1043 2995 omnino
1071 2935 1127 2995 ant
1154 2933 1218 2994 nisi
1246 2935 1333 2995 certa

215 3033 352 3113 quadam
374 3032 447 3116 lege
469 3054 488 3095 a
511 3028 669 3116 Sophocle
691 3031 813 3097 dictum
835 3054 902 3096 non
924 3054 994 3097 esse
1017 3032 1255 3098 demonstrabo

278 3133 326 3198 Ac
348 3133 468 3199 dictum
491 3154 560 3198 esse
581 3154 761 3217 pronomen
782 3134 968 3198 reflexivum
990 3135 1105 3198 tertiae
1120 3156 1277 3218 personae
1293 3134 1332 3198 de

214 3237 318 3319 prima
340 3239 373 3300 et
394 3234 534 3300 secunda
549 3256 688 3319 persona
702 3239 841 3311 constat,
865 3239 898 3301 et
912 3236 1068 3320 pluralem
1084 3237 1212 3320 quidem
1227 3236 1332 3319 magis

214 3359 309 3421 quam
337 3337 534 3422 singularem
567 3359 749 3412 numerum,
783 3339 972 3422 praesertim
1000 3340 1035 3403 in
1062 3359 1159 3421 prosa
1186 3339 1332 3403 oratione

214 3440 402 3524 posterioris
442 3439 608 3523 temporis.
663 3437 748 3505 Sunt
779 3444 886 3505 autem
919 3442 954 3504 in
987 3441 1047 3505 hae
1079 3440 1267 3522 quaestione
1300 3443 1333 3503 et

215 3524 335 3606 aetates
358 3544 391 3606 et
413 3542 585 3625 scriptores
610 3540 829 3606 discernendi:
851 3543 952 3606 veluti
967 3542 1007 3607 ab
1021 3540 1163 3606 Homero
1182 3542 1246 3604 iam
1261 3542 1333 3605 Ari-

214 3642 360 3708 starchus
392 3642 479 3708 hunc
507 3665 601 3708 usum
629 3643 783 3719 alienum,
818 3645 927 3727 itaque
955 3642 1130 3708 nonnullos
1158 3642 1246 3706 locos
1274 3647 1330 3705 aut

213 3744 386 3809 mutandos
407 3748 464 3808 aut
486 3746 697 3829 interpolatos
720 3767 790 3810 esse
812 3744 975 3809 iudicavit.

278 3847 417 3912 Afferam
445 3846 548 3930 igitur
571 3847 659 3912 locos
682 3844 894 3930 Sophoclem,
924 3847 1040 3929 quibus
1069 3846 1194 3910 efficere
1217 3847 1331 3910 volunt

214 3950 311 4014 etiam
334 3947 526 4032 Sophoclem
558 3948 749 4031 pronomine
783 3948 934 4013 reflexivo
962 3950 1078 4013 tertiae
1105 3969 1262 4032 personae
1291 3946 1331 4011 de

213 4052 317 4137 prima
344 4054 378 4114 ct
403 4049 543 4115 secunda
569 4071 708 4132 persona
731 4072 822 4115 usum
845 4071 928 4124 esse,
958 4055 1084 4116 servata
1111 4050 1240 4114 interim
1264 4049 1331 4112 vul-

213 4156 291 4237 gata
311 4153 470 4236 scriptura
492 4147 599 4216 αὑτοῦ
623 4155 682 4221 etc.
1255 4142 1257 4145 ’

277 4254 326 4320 De
353 4255 457 4339 prima
484 4274 635 4338 persona,
668 4258 705 4320 ut
726 4254 826 4338 vulgo
854 4257 1001 4330 censent,
1034 4252 1157 4320 ἑαυτοῦ
1180 4257 1240 4322 etc.
1266 4252 1329 4315 dic-

214 4360 282 4420 tum
305 4363 355 4421 est

1111 4466 1126 4509 c
