3192 4884
682 334 892 395 -11..

287 501 356 566 Iam
386 501 511 587 pridem
538 503 575 564 ut
601 502 804 565 intellectum
831 505 881 563 est
904 503 935 563 et
957 504 1096 564 metrum
1117 501 1265 566 laborare
1289 502 1344 586 (of.

219 603 374 688 strophae
395 626 425 667 v.
440 603 515 683 340)
537 624 597 666 neo
618 602 763 667 futurum
784 607 911 685 tempus
933 602 1039 666 locum
1061 601 1196 678 habere,
1219 606 1265 668 sie
1286 607 1348 670 ho·

222 705 275 770 die
302 726 428 788 quoque
456 704 634 769 editoribus
659 728 688 768 v.
710 706 770 769 351
803 705 892 768 loeus
920 704 1137 768 conclamatus
1160 704 1290 769 videtur
1312 711 1346 772 et

220 809 275 871 eui
309 810 396 870 certa
422 805 546 870 medela
575 808 627 870 vix
654 808 760 890 possit
787 805 961 869 admoveri.
1007 804 1111 880 Quare
1140 826 1211 869 oum
1239 828 1345 891 neque

224 932 304 992 opus
332 909 374 972 sit
407 909 553 991 singulas
582 908 622 972 de
648 908 710 972 hoe
737 909 806 972 loeo
834 908 1012 970 sententias
1034 928 1200 972 recensere
1223 913 1256 972 et
1278 912 1350 973 suis

223 1031 383 1093 quamque
411 1011 514 1074 causis
543 1009 706 1081 refellere,
735 1010 768 1072 id
797 1009 883 1092 quod
907 1008 985 1072 satis
1007 1008 1071 1071 iam
1094 1010 1134 1073 ab
1158 1010 1344 1076 hominibus

221 1111 329 1176 doctis
356 1111 475 1175 factum
503 1111 612 1185 video,
646 1133 749 1194 neque
778 1110 886 1174 studia
914 1110 954 1173 ab
983 1110 1055 1174 aliis
1084 1112 1118 1173 in
1141 1112 1342 1178 emendando

225 1212 287 1276 hoe
308 1214 379 1278 loeo
404 1212 594 1277 difficillimo
615 1213 723 1295 posita
736 1233 867 1295 prorsus
883 1213 1057 1294 praeterire
1073 1213 1188 1289 velim:
1207 1214 1346 1278 sufficiet

226 1314 320 1389 mihi,
344 1318 505 1398 quotquot
527 1316 725 1378 eonieotures
747 1335 766 1375 a
787 1313 864 1375 viris
887 1310 990 1376 doctis
1013 1316 1209 1397 excogitatas
1226 1320 1258 1378 et
1272 1338 1345 1399 pro·

224 1417 307 1480 latas
329 1417 454 1490 iuveni,
478 1437 515 1479 ex
538 1415 650 1479 ordine
673 1418 856 1497 temporum
878 1418 1034 1496 quantum
1056 1416 1146 1497 potui
1171 1416 1344 1500 dispositas

207 1519 261 1601 ¹in
283 1540 348 1583 uno
371 1520 544 1601 conspeetu
567 1517 723 1599 posuisse.

228 1703 456 1780 Brunekius
480 1699 652 1778 ὑποίξεται.

225 1804 399 1870 Bothius
422 1804 527 1869 ἵππον
549 1801 738 1887 ἄρ’όῖξεται,
768 1805 818 1868 oui
841 1825 990 1868 assensus
1011 1803 1195 1868 Ellendtius
1217 1827 1344 1889 quoque

273 1907 311 1990 (s.
328 1929 357 1974 v.
372 1904 444 1988 ἄνω
468 1908 564 1987 extr.)
587 1905 731 1970 futurum
754 1909 881 1989 tempus
904 1905 1035 1970 defendi
1056 1928 1151 1989 posse
1173 1910 1275 1989 putat.

228 2008 496 2073 Doederlinus
529 2007 635 2072 ἵππον
663 2005 791 2084 ἀέξεται
818 2008 1017 2091 οἵμφίλοφον
1045 2012 1158 2089 ζυγῶν
1187 2007 1239 2089 (ad
1265 2008 1344 2074 Oed.

271 2107 339 2180 001,
355 2132 386 2194 p.
402 2110 492 2190 581).

228 2210 265 2276 G.
282 2211 483 2276 Hermann
506 2209 710 2293 λασιαύχενά
725 2214 759 2273 e’
769 2209 888 2273 ἵππιον
910 2209 1005 2286 ἑξέτε’
1014 2208 1100 2294 ἀμφὶ
1116 2210 1225 2293 λόφον
1240 2215 1343 2294 ζονολ.

224 2313 258 2382 J.
273 2311 400 2377 Franz
423 2312 528 2377 ἵππον
551 2309 723 2396 ὀχμάζεται
745 2310 831 2395 ἀμφὶ
852 2310 961 2394 λόφον
983 2317 1091 2397 ζυγῷ,
1114 2314 1167 2397 qui
1192 2313 1231 2376 de
1246 2315 1344 2379 verbo

271 2411 444 2498 ὀχμάζεται
462 2414 609 2494 „domest
628 2414 746 2477 multos
762 2413 862 2478 hebet
876 2415 1108 2479 assentientes:
1128 2412 1344 2479 Schneide-

270 2518 354 2581 win.
369 2553 412 2564 -—
430 2513 637 2598 ἄμφιλοφιόν
659 2513 770 2597 ζυγὸν,
793 2515 954 2598 Kayser.
977 2521 1010 2580 et
1029 2514 1192 2582 Arnold.
1217 2515 1297 2595 (Eos
1319 2516 1343 2591 Ι,

273 2618 366 2693 1864,
393 2642 425 2702 p.
443 2617 556 2700 ἵλεος.)
586 2656 626 2664 -
653 2616 841 2700 οίμφιλόφφ
871 2622 971 2703 ζυγῷ,
1004 2617 1184 2701 Blaydes.
1209 2621 1242 2681 et
1263 2617 1344 2682 Her-

270 2720 408 2785 werden.
442 2758 474 2767 -
508 2715 711 2804 ἀμφιβαλών
733 2715 851 2801 ζνγόν,
881 2723 1047 2802 praeterea
1067 2718 1204 2791 Nauck„
1229 2718 1344 2784 Weck-

270 2821 338 2897 lin.,
354 2821 515 2904 Bonitz.¹)
549 2820 698 2904 (Wiener
713 2819 922 2903 Siteueysber.
938 2819 1086 2898 XXIII,
1101 2823 1195 2899 1857,
1207 2841 1242 2904 p.
1252 2826 1342 2907 342),
1441 2902 1443 2910 Ι

271 2924 326 3005 qui
347 2924 487 3006 primum
509 2924 710 2988 inventorem
732 2922 933 2986 coniecturae
956 2920 1128 3005 ὀχμάζεται
1146 2945 1165 2986 a
1180 2923 1344 2990 Boeekhio

270 3024 398 3108 (Antig.
427 3024 523 3107 1843)
560 3025 595 3087 in
627 3024 769 3088 medium
802 3023 947 3106 prolatae
979 3045 1045 3088 non
1080 3023 1253 3090 Franzium
1287 3026 1342 3090 sed

271 3123 520 3199 Sehoenium
536 3124 635 3190 fuisse
657 3129 777 3190 monet.

224 3231 321 3311 Aug.
336 3226 493 3292 Boeekh
514 3226 633 3291 ἵππιον
655 3224 767 3302 ἵξεται
790 3224 876 3311 ἀμφὶ
899 3226 1008 3310 λόφον
1029 3225 1131 3309 ζυγόν
1157 3230 1235 3293 satis
1252 3228 1344 3293 dubi-

242 3333 386 3395 ‚tenter

221 3430 247 3495 J
255 3429 310 3495 oh.
325 3430 495 3495 Kritela
515 3429 621 3494 ἵππον
643 3425 824 3495 οἵνόσσεται
846 3430 932 3514 ἀμφὶ
955 3428 1064 3513 λόφον
1079 3434 1192 3511 ζυγῶν
1214 3432 1249 3493 in
1264 3430 1302 3495 Z.
1316 3432 1340 3511 1.

269 3536 323 3597 ost.
341 3530 456 3615 Gyras.
481 3531 518 3594 X
539 3531 666 3616 (1859),
684 3554 721 3613 p.
737 3537 807 3597 606.

223 3632 268 3697 id.
291 3638 404 3716 postea
431 3633 537 3696 ἵππον
560 3630 741 3698 οἷνόοσετνι
763 3630 959 3716 ἅμφίλοφον
981 3637 1067 3718 ζυγῷ
1092 3632 1242 3716 (Wiener
1263 3632 1343 3699 sea-

268 3736 409 3817 ueysber.
427 3733 574 3799 XXXX
581 3735 616 3814 V,
637 3738 732 3813 1864,
750 3757 785 3817 p.
801 3739 864 3800 490
886 3738 919 3799 et
941 3736 978 3800 Z.
993 3738 1016 3816 s.
1034 3739 1089 3800 o'st.
1107 3734 1222 3818 Gyma.
1240 3735 1276 3799 X
1282 3735 1341 3814 VI,

269 3839 351 3901 1865
406 3841 450 3901 ‚6
470 3842 500 3900 4.

224 3937 263 4003 G.
280 3839 616 4021 Βίόόῖόοῖὄόῖξεται,
638 3938 673 4001 in
695 3937 792 4001 verbo
816 3938 945 4020 quidem
956 3938 1189 4004 Doederlinum
1204 3943 1341 4006 secutus

224 4039 269 4103 M.
287 4038 469 4123 Seyffert
490 4040 596 4104 ἵππον
618 4036 800 4104 dodonaeus
823 4035 1006 4125 ἀμφιλόφῳ
1029 4044 1129 4126 ζυγῷ.

295 4295 320 4361 1)
339 4292 412 4358 Quas
429 4294 526 4349 eodem
538 4294 599 4349 looo
612 4292 753 4347 Bonitzius
765 4291 884 4347 aliorum
898 4293 1067 4348 coniecturas
1078 4293 1218 4361 refutavit,
1238 4293 1341 4360 Heluii,

224 4376 403 4446 Buehholzii,
422 4379 587 4433 Hamaoheri
605 4374 812 4448 (α’ναγκᾶζειλ),
831 4379 928 4433 afferre
946 4378 1117 4446 supersedeo.
