3192 4884
711 293 922 358 „34-

256 463 309 528 Αἰ.
319 463 400 528 1132
420 463 500 540 τούς
513 462 543 545 γ’
553 460 654 540 αὐτὸς
669 461 972 546 αὑτοῦπολεμίονς
987 456 1134 541 (scilodu
1151 461 1196 525 ἐῶ
1209 460 1377 542 θάπτειν).

255 564 307 629 ΕΙ.
323 566 386 630 285
419 567 559 650 (κλαίω)
584 564 668 651 αὐτή
692 568 777 649 πρὸς
798 562 917 650 αὑτήν.

259 667 336 732 Oed.
353 667 391 731 R.
411 667 470 732 138
490 665 577 752 ὑπὲρ
599 670 664 751 γὰρ
688 654 763 751 οὐχὶ
785 675 855 734 τῶν
877 664 1037 748 ἀπωτέρω
1060 669 1182 749 φίλων,

487 766 671 846 ἀλλ’άάτὸς
693 768 813 853 αὐτοῦ,
836 773 925 834 τοῦτ’
949 766 1126 833 άποσνεδῶ
1149 766 1263 850 μύσος.

259 871 396 935 Addunt
417 873 611 956 interpretes
634 872 720 936 huno
741 874 847 956 ipsum
869 873 976 937 locum
999 871 1038 934 de
1060 893 1123 957 quo
1147 870 1285 952 disputo.

344 989 393 1054 De
415 991 555 1055 secunda
575 1012 714 1075 persona

260 1107 499 1175 Oed.001.853
522 1108 623 1186 αὐτὸς
645 1106 750 1174 αὑτὸν
772 1107 941 1175 odoacris
964 1107 1050 1172 καλά
1072 1108 1154 1191 δρᾷς
1175 1103 1255 1171 οὔτε
1277 1111 1347 1171 κτλ.

259 1212 337 1278 Oed.
350 1210 419 1277 Col.
435 1213 498 1277 930
520 1212 691 1294 αἰσχύνεις
712 1206 818 1276 πόλιν
837 1209 899 1294 τήν
922 1210 1025 1287 αὐτὸς
1046 1207 1164 1274 αὑτοῦ.

260 1311 418 1381 Oed.Ool.
437 1314 518 1378 1356
539 1312 600 1378 τὸν
622 1310 724 1390 αὐτὸς
745 1311 854 1379 αὑτοῦ
877 1313 1004 1396 πατέρα
1026 1309 1308 1396 τόνδ’άπήλασάς.

262 1416 376 1482 Traoh.
390 1416 452 1480 451
477 1417 507 1478 ei
529 1412 664 1491 δἀὕτός
686 1409 792 1480 αὐτὸν
815 1406 1075 1491 aldenardensis
1097 1417 1167 1479 κτλ.

326 1535 413 1611 Quos
435 1535 523 1611 locos
545 1556 733 1618 percurrens
755 1556 851 1600 nemo
874 1557 940 1598 non
962 1536 1051 1599 videt
1073 1531 1180 1598 αὑτοῦ
1201 1553 1379 1617 pronomen

263 1636 447 1701 reflexivum
476 1636 516 1701 de
543 1637 647 1720 prima
669 1639 724 1700 aut
746 1636 886 1701 secunda
907 1658 1046 1720 persona
1067 1658 1134 1700 non
1156 1635 1294 1699 inveniri
1317 1635 1380 1698 nisi

263 1742 335 1803 ciun
362 1739 554 1822 pronomine
582 1736 685 1814 αὐτός
707 1740 816 1823 „ipse“
846 1742 1065 1813 coniunctum,
1094 1738 1252 1823 pluralem
1274 1740 1380 1800 autem

264 1838 379 1904 αὑτοῖν
408 1843 469 1908 eto.
497 1861 556 1924 pro
585 1840 796 1923 amplioribus
820 1839 932 1905 formis
954 1839 1053 1924 ἡμῶν
1075 1843 1191 1904 αὐτῶν
1213 1840 1272 1903 vel
1286 1835 1382 1921 ὑμῶν

261 1940 374 2007 αὐτῶν
398 1948 470 2016 etc,
494 1963 629 2025 quarum
652 1940 828 2007 formarum
850 1942 1148 2007 incommoditatem
1171 1963 1301 2006 causam
1318 1941 1382 2023 pri-

264 2046 397 2109 mariam
418 2044 574 2108 notabilis
596 2043 684 2106 illius
706 2065 783 2108 usus
805 2044 905 2109 fuisse
926 2046 1057 2128 putant,
1087 2045 1220 2108 omnino
1241 2064 1308 2107 uon
1332 2063 1381 2105 ex-

264 2150 359 2213 stare.
410 2145 527 2210 Obstat
556 2145 631 2209 huic
662 2167 751 2210 meae
779 2147 961 2211 sententiae
987 2146 1088 2229 priori
1114 2167 1198 2208 unus
1225 2146 1314 2209 loeus
1343 2143 1382 2207 de

197 2332 201 2342 Ι
264 2269 327 2330 quo
355 2247 494 2330 agimus,
527 2246 605 2312 Oed.
623 2245 690 2314 Ool.
713 2248 788 2323 966,
823 2270 917 2331 quem
950 2257 983 2311 et
1011 2250 1143 2331 propter
1170 2247 1254 2310 hanc
1280 2247 1382 2329 ipsam

266 2370 392 2414 causam
415 2342 689 2432 corruptam'esse
712 2353 743 2413 et
764 2353 897 2433 propter
920 2350 1054 2413 alteram
1076 2348 1236 2432 quandam
1254 2369 1381 2431 persua·

265 2452 427 2515 sissimum
455 2451 570 2519 babeo.
618 2449 702 2516 Nam
735 2455 773 2516 ut
798 2452 1008 2515 concedamus
1037 2456 1113 2514 καθ’
1130 2448 1234 2515 αὐτόν
1262 2449 1383 2513 dictum

171 2552 174 2560 ⁴
265 2575 335 2617 esse
363 2574 421 2636 pro
450 2555 519 2615 κατ’
533 2552 691 2635 ἐμαυτόν,
719 2555 791 2636 quis
813 2552 959 2616 laudabit
980 2552 1064 2616 hanc
1084 2552 1312 2636 pronominum
1334 2572 1383 2615 oo·

264 2656 464 2738 pulationem
485 2657 566 2717 κατ’
580 2653 759 2738 ἐμαυτόν
781 2657 810 2736 γ’
823 2650 885 2718 οὐκ
908 2649 951 2717 dv
968 2653 1118 2737 ἐξεύροις
1134 2652 1250 2736 s'poc'?
1280 2653 1383 2717 lmmo

265 2776 351 2839 nego
363 2755 549 2819 reflexivum
563 2777 742 2839 pronomen
756 2756 810 2819 hic
824 2757 956 2819 omnino
972 2754 1100 2818 admitti
1115 2756 1273 2838 potuisse,
1298 2754 1383 2837 quod

266 2857 427 2940 quomodo
457 2856 597 2921 editores
625 2855 797 2921 defendere
823 2858 959 2931 vellent,
988 2879 1083 2920 nemo
1113 2858 1190 2919 satis
1213 2856 1383 2919 indicavit:
1408 2898 1410 2901 v

266 2980 371 3041 neque
402 2958 488 3023 enim
518 2959 687 3042 quisquam
720 2960 834 3023 scribit
863 2959 1126 3041 coniungendum
1153 2958 1185 3021 id
1216 2979 1284 3021 esse
1313 2978 1384 3020 curn

267 3061 364 3124 verbo
392 3056 587 3142 ἡμάρτανον
621 3067 663 3141 (v.
686 3061 774 3141 968),
811 3060 849 3124 of.
871 3058 1009 3124 Nauokii
1043 3061 1238 3124 versionem:
1273 3058 1385 3135 „Mer

262 3162 491 3245 perstatim
512 3162 629 3227 doceat
650 3165 693 3228 du
705 3163 793 3228 alost
807 3164 866 3226 dea
884 3162 1039 3242 Vorworf
1047 3165 1099 3226 dea
1114 3161 1241 3226 Frecela
1255 3162 1385 3225 lanchen

265 3265 322 3344 fdr
343 3266 402 3329 dos
423 3284 490 3328 cous
511 3265 562 3329 iob
581 3258 736 3345 fredeltc.“
772 3264 893 3347 ‘ltaque
917 3267 949 3327 et
971 3264 1206 3334 emendandum
1222 3284 1291 3327 esse
1305 3266 1384 3344 puto

267 3371 394 3430 versum
416 3365 479 3430 966
502 3369 534 3430 et
555 3366 707 3431 facillime
730 3366 902 3429 emendari.
948 3365 1159 3430 Scribendum
1182 3366 1266 3427 enim
1291 3366 1339 3425 est

422 3493 495 3557 ἐπεὶ
517 3492 720 3557 τοσοῦτόν
742 3496 771 3574 γ’
785 3489 847 3556 οὐκ
870 3491 913 3555 do
938 3490 1087 3576 ἐξεύροις
1110 3491 1182 3574 ἐμοὶ

420 3592 583 3677 ἁμαρτίας
605 3591 735 3670 ὄνειδος
757 3590 860 3658 οὐδὲν
882 3591 959 3658 ἀνθ’
976 3592 1056 3657 ὅτου

420 3692 491 3759 τάδ’
505 3697 552 3772 εἰς
575 3693 721 3779 ἐμαυτὸν
743 3693 822 3770 τούς
846 3695 946 3777 ἐμούς
967 3692 1215 3779 θ’ἡμάρτανον.

268 3824 289 3887 i.
317 3845 343 3886 e.
371 3826 516 3903 „tantam
547 3825 582 3886 in
610 3846 660 3887 me
688 3824 829 3907 reperies
857 3823 982 3907 culpam
1008 3823 1143 3896 nullam,
1178 3845 1236 3907 pro
1264 3845 1328 3907 qua
1350 3828 1385 3886 ut

269 3925 401 4007 punirer
423 3925 501 3989 haec
524 3946 584 4008 ego
607 3927 642 3988 in
663 3947 714 3990 me
736 3947 773 3990 ac
794 3946 882 3988 meos
905 3926 1148 3993 commiserim“.
1192 3929 1277 3989 Ante
1301 3928 1385 3990 enim

270 4026 343 4091 illos
374 4027 503 4108 φόνους
525 4028 581 4091 καὶ
602 4028 731 4111 γάμους
752 4029 794 4108 (v.
811 4027 887 4108 962)
910 4027 949 4090 ab
972 4026 1137 4111 Oedipode
1158 4027 1261 4091 invito
1284 4031 1317 4092 et
1338 4029 1385 4090 in-

271 4128 392 4191 sciente
414 4128 516 4193 factos
539 4135 579 4206 (v.
595 4128 658 4193 964
668 4131 728 4211 sq.)
751 4128 876 4192 nullum
893 4131 1020 4193 tanturn
1036 4129 1160 4194 facinus
1175 4131 1385 4195 commiserat.

273 4229 310 4292 ut
342 4228 461 4312 dignus
489 4233 587 4307 esset,
621 4232 676 4314 qui
706 4231 878 4313 parricidio
907 4234 940 4295 et
966 4232 1089 4296 incesto
1117 4232 1385 4314 obstringeretur.

273 4327 327 4393 Sic
348 4329 428 4396 mibi
450 4330 576 4395 videtur
598 4336 729 4396 sanatus
753 4353 821 4396 esse
838 4334 940 4406 locus,
964 4355 1057 4416 quem
1072 4356 1167 4398 nemo
1183 4333 1286 4397 adhuc
1301 4338 1386 4398 recte
