3192 4884
739 352 771 359 -
822 314 945 374 32.-

586 482 680 545 τότε
704 482 938 567 κατάμεμπτον
961 482 1155 566 ἐπιλέλογχε
1232 506 1298 554 1235

386 667 389 674 Ι
485 581 641 667 πύματον
663 580 805 665 ἄκρατλς
826 582 1058 668 άπροσόμιλον

484 689 590 768 γήρας
611 682 748 766 ἄφιλον,
770 684 828 748 ἵνα
851 686 1028 767 πρόπαντα

485 784 571 850 κακοὶ
594 790 709 849 κακῶν
731 787 891 862 ξυνοικεῖ.

281 924 499 987 offensionem
535 922 613 985 mihi
640 926 749 986 movet
779 922 971 1005 adjectivum
1000 920 1167 1007 πύματον,
1199 924 1285 1007 quod
1314 924 1398 1008 apud

281 1024 475 1107 Aeschylum
504 1045 676 1106 nusquam,
709 1023 792 1107 apud
817 1023 1010 1107 Sophoclem
1037 1029 1164 1108 practer
1185 1026 1272 1090 hunc
1293 1027 1397 1090 locum

281 1126 379 1189 etiam
401 1124 479 1190 Oed.
500 1125 537 1190 R.
552 1126 614 1189 663
643 1129 676 1189 et
698 1124 774 1190 Oed.
791 1122 859 1189 Col.
879 1125 960 1190 1675
988 1127 1143 1192 traditum
1172 1122 1229 1193 est.
1275 1128 1399 1204 Quibus

282 1228 367 1310 quod
390 1230 552 1309 quartum,
576 1228 603 1291 si
628 1226 831 1291 Dindorfium
853 1227 1015 1300 audimus,
1047 1230 1226 1312 exemplum
1249 1230 1400 1295 accedere

281 1329 378 1393 debet
400 1329 478 1393 Ant.
495 1329 570 1400 878,
601 1328 723 1392 dehoc
751 1328 901 1412 deinceps
929 1329 1005 1394 inde
1031 1330 1220 1400 videbimus.
1265 1333 1312 1396 Ac
1338 1332 1400 1415 pri-

281 1451 368 1492 mum
398 1430 527 1513 quidem
554 1432 681 1494 constat
710 1430 749 1493 de
770 1428 849 1495 Oed.
864 1429 903 1495 R.
926 1431 988 1495 663
1018 1431 1091 1495 ἐπεὶ
1114 1429 1215 1509 ἄθεος
1236 1432 1359 1516 ἄφιλος
1381 1430 1402 1495 6

281 1555 311 1593 τι
334 1531 491 1614 πύματον
513 1527 665 1615 ὀλοίμαν,
689 1529 860 1614 φρόνησιν
883 1533 915 1595 ελ
934 1530 1024 1597 τάνδ’
1038 1536 1101 1616 ἔχω
1125 1537 1157 1598 et
1180 1533 1218 1599 de
1233 1534 1312 1602 ¹Oed.
1328 1534 1397 1600 Col.

282 1633 364 1697 1675
388 1632 425 1697 ἐν
448 1631 587 1718 πυμάτῳ
610 1631 807 1715 δ’άλόγιστα
829 1637 1036 1717 παροίσομεν
1052 1635 1163 1700 ἰδόντε
1178 1638 1234 1700 καλ
1249 1637 1399 1703 παθόντε

281 1739 351 1818 (pro
367 1734 527 1799 παθοόσα
543 1733 713 1814 Brunck.)‚
736 1756 872 1818 quorum
887 1739 1023 1819 uterque
1038 1737 1126 1801 locus
1142 1742 1227 1803 recte
1243 1762 1277 1803 se
1293 1740 1399 1805 habet.

281 1839 381 1921 Atqui
410 1840 443 1900 et
469 1838 586 1919 prioris
613 1838 676 1901 loci
704 1833 860 1920 πύματον
888 1842 920 1901 et
944 1840 1134 1921 posterioris
1158 1838 1196 1903 ἐν
1217 1841 1358 1925 πυμάτῳ
1380 1866 1399 1905 a

280 1938 454 2003 scholiasta
470 1937 598 2002 disertis
614 1939 720 2003 verbis
736 1937 929 2021 explicatur:
945 1939 1043 2005 schol.
1056 1945 1117 2006 vet.
1133 1942 1172 2004 ad
1188 1942 1268 2006 Oed.
1281 1942 1319 2008 R.
1335 1943 1398 2007 663

270 2037 342 2105 Ὅτι
371 2038 537 2126 πύματον]
560 2037 648 2102 Ἀντλ
676 2042 749 2119 τοϋ,
779 2042 916 2121 ἔσχατος
944 2040 1108 2126 (ἐσχάτως
1129 2041 1284 2128 Brunck.)
1314 2041 1398 2108 ἄπο-

280 2145 410 2226 λοίμην,
434 2142 478 2205 id.
494 2141 533 2205 ad
550 2140 630 2205 Oed.
647 2139 715 2205 Col.
732 2141 814 2204 1674
827 2138 966 2205 ’Ἀλλοτε
988 2141 1051 2225 μὲν
1073 2142 1194 2208 πόνους
1219 2141 1398 2229 Πρότερον

278 2244 351 2327 μὲν,
380 2240 456 2308 τινά
486 2241 674 2325 ἐπάσχομεν
704 2242 759 2306 ἐπὶ
786 2247 833 2327 τῷ
855 2246 970 2327 πατρί’
1001 2241 1038 2307 τό
1061 2244 1099 2309 δὲ
1121 2245 1275 2329 πύματον
1297 2252 1397 2311 τοῦτο

279 2346 335 2410 καὶ
358 2348 498 2429 ἔσχατον
521 2346 591 2408 κτλ.
618 2344 730 2426 (schol.
747 2365 808 2410 rec.
824 2344 863 2408 ad
886 2344 965 2413 Oed.
981 2344 1018 2410 R.
1034 2345 1097 2411 663
1120 2350 1291 2431 φθαρείην
1313 2346 1396 2431 ὅπερ

279 2451 431 2531 ἔσχατον,
459 2445 568 2530 ἤγουν
597 2443 769 2511 ἄποόλειαν
794 2444 866 2530 ἥτις
889 2445 1029 2529 ἐσχάτη,
1051 2447 1202 2512 τουτέστι
1226 2454 1396 2533 φθαρείην

280 2547 424 2633 ἐσχάτην
452 2548 645 2627 auctaas).
689 2546 782 2612 Nihil
805 2547 997 2613 scholiastae
1023 2549 1062 2612 ad
1085 2548 1163 2614 Oed.
1182 2547 1250 2614 Col.
1269 2575 1298 2616 v.
1315 2552 1397 2616 1236

279 2651 532 2735 adscripserant,
556 2650 611 2733 qui
633 2653 742 2714 tamen
764 2650 854 2732 prior
869 2649 1075 2732 explicandus
1091 2653 1160 2714 erat
1176 2673 1270 2734 quam
1286 2675 1396 2718 versus

281 2754 371 2818 1676.
415 2754 469 2817 An
484 2757 603 2818 temere
619 2773 732 2816 casuve
747 2750 780 2814 id
796 2751 941 2815 evenisse
956 2750 1208 2817 arbitrabimur?
1236 2753 1396 2837 Equidem

278 2855 385 2938 potius
408 2855 614 2920 scholiastam
636 2856 748 2918 nostro
771 2841 842 2918 loco
865 2848 1020 2936 πύματον
1041 2873 1109 2917 non
1130 2854 1247 2936 legisse
1268 2859 1397 2938 putave-

278 2958 339 3019 rim
361 2957 418 3020 sed
440 2958 615 3038 genuinam
638 2956 830 3038 scripturam
852 2953 950 3019 fuisse

583 3089 621 3154 τό
647 3113 683 3154 τε
705 3089 940 3173 κατάμεμπτον
964 3089 1194 3173 ἑπιλέλογχεν

481 3190 642 3257 ἄϋπνον
664 3189 805 3274 ἀκρατὲς
827 3187 1057 3273 ἄπροσόμιλον

480 3298 586 3377 γῆρας
607 3291 744 3376 ἄφιλον,

278 3455 360 3517 quae
389 3430 475 3496 haud
503 3430 569 3495 scio
598 3451 640 3493 an
668 3450 705 3493 eo
733 3428 949 3501 confirmetur,
978 3428 1064 3510 quod
1086 3428 1134 3493 La
1160 3429 1196 3491 in
1222 3448 1299 3491 voce
1322 3429 1396 3492 ἐπι-
1505 3504 1508 3509 y

279 3535 416 3617 λέλογχε
443 3536 526 3597 teste
549 3530 718 3595 Dindorfio
741 3528 917 3594 secundum
941 3552 956 3592 ε
977 3530 1012 3593 in
1034 3531 1133 3593 litura
1154 3528 1288 3593 duarum
1311 3529 1396 3594 litte-

278 3658 386 3700 rarum
414 3635 522 3699 habet.
566 3632 636 3697 Iam
658 3632 824 3715 aptissime
846 3629 927 3696 mihi
947 3631 1075 3695 videtur
1097 3628 1242 3714 ἄϋπνον,
1271 3653 1339 3696 non
1360 3635 1398 3696 ut

279 3735 434 3820 πύματον
461 3757 532 3800 cum
561 3734 658 3800 verbo
686 3733 879 3815 ἐπιλέλογχε
908 3733 975 3797 eius
1003 3732 1058 3816 qui
1087 3733 1250 3798 antecedit
1271 3756 1397 3800 versus,

278 3844 332 3903 sed
348 3859 419 3903 cum
434 3839 474 3901 iis
490 3859 571 3920 quae
586 3839 764 3918 sequuntur
774 3835 880 3900 verbis
897 3831 1039 3917 ἄκρατὲς
1049 3830 1281 3918 ἄπροσόμιλον
1292 3839 1398 3919 γῆρας

279 3938 405 4022 ἄφιλον
432 3939 602 4022 coniungi:
632 3937 856 4021 adiunguntur
878 3938 964 4001 enim
985 3936 1079 4001 malis
1102 3937 1275 4000 senectutis
1299 3939 1397 4002 etiam

277 4042 468 4106 insomniae.
514 4037 671 4103 Similiter
692 4043 800 4104 autem
823 4042 928 4121 γῆρας
951 4034 1085 4101 ἄϋπνον
1107 4037 1224 4101 dicitur
1245 4037 1286 4101 ab
1303 4038 1397 4105 Euri·

277 4143 353 4226 pide
382 4140 452 4224 lph.
478 4143 517 4205 A.
539 4141 573 4213 4,
608 4138 736 4205 ἄϋπνοι
766 4137 868 4223 ἄγραι
901 4139 941 4204 ab
969 4140 1040 4221 ipso
1068 4136 1226 4221 Sophocle
1253 4140 1305 4204 Αἱ.
1323 4140 1395 4206 880.

277 4243 446 4308 Postremo
469 4238 575 4316 ὕπνος
598 4245 630 4305 et
652 4239 784 4317 ἄϋπνος
806 4242 842 4303 in
865 4239 1017 4304 diverbiis
1039 4260 1106 4303 non
1128 4239 1235 4304 minus
1251 4262 1346 4323 quam
1361 4243 1396 4305 in

278 4342 401 4406 melicis
430 4345 462 4406 et
483 4340 640 4424 producta
662 4345 694 4406 et
716 4344 863 4424 correpta
884 4339 1008 4424 syllaba
1028 4340 1228 4423 paenultima
1248 4344 1401 4425 usurpari

1558 1360 1561 1429 l

1558 1514 1562 1549 l
