3192 4884
283 957 395 1042 Aiacis
425 976 553 1042 fabulae
577 975 774 1061 Sophocleae
803 978 936 1041 stasimo
965 978 1076 1050 tortio,
1105 977 1192 1062 quod
1219 977 1337 1043 indoa
1450 892 1493 1005 υ

219 1101 315 1144 versu
346 1078 427 1143 1185
450 1100 552 1163 usquo
574 1077 615 1144 ad
636 1100 763 1143 vorsum
788 1078 870 1142 1222
892 1078 1008 1144 chorus
1032 1078 1190 1153 extendit,
1220 1080 1337 1144 nautas

222 1179 389 1246 Salaminii
418 1182 659 1264 conqueruntur
687 1179 833 1243 diuturni
859 1179 938 1243 belli
966 1180 1092 1246 laboras
1115 1202 1151 1246 ac
1173 1180 1336 1246 molestias

222 1281 370 1367 (stropha
397 1283 512 1366 prima)
541 1285 811 1365 exsecrantnrque
833 1302 920 1351 aum,
949 1283 1003 1366 qui
1025 1283 1145 1366 populo
1167 1283 1338 1350 Graiorum

221 1384 578 1463 armamonstraverit1)
595 1381 941 1467 [antistrophaprima).
964 1382 1048 1448 Nam
1058 1404 1169 1448 omnes
1180 1385 1244 1449 sibi
1253 1385 1338 1449 vitae

220 1485 406 1569 voluptates
426 1484 592 1569 ademptas
609 1506 692 1559 esso,
716 1484 775 1548 sub
792 1483 866 1550 divo
883 1506 917 1549 se
933 1485 1062 1559 cubare,
1085 1506 1159 1551 rora
1173 1485 1338 1550 madefieri

222 1588 354 1672 capillos
378 1588 524 1670 (stropha
546 1586 677 1669 altera);
701 1607 787 1657 nunc
809 1607 884 1651 vero
908 1588 1007 1651 etiam
1028 1588 1176 1652 ultimam
1199 1609 1288 1672 spem
1303 1607 1339 1651 ao

221 1688 419 1773 praesidium
436 1688 498 1752 sibi
515 1691 661 1773 ereptum
677 1709 759 1761 osse,
784 1688 925 1753 Aiacem.
958 1687 1072 1772 Itaque
1086 1690 1226 1761 maximo
1242 1710 1338 1773 opero

222 1794 389 1875 exoptant,
419 1793 457 1855 ut
487 1790 528 1855 ad
556 1787 692 1855 Sunium
726 1789 929 1857 advehuntur
959 1790 1164 1874 salutentque
1192 1790 1338 1856 Athenas
1370 1824 1372 1827 ·

223 1891 441 1976 (antistropha
462 1892 586 1966 altera).
1451 1884 1454 1888 ⁸

287 2077 392 2143 Huius
420 2079 546 2142 stasimi
573 2077 778 2161 antistropha
805 2078 908 2161 prima
933 2078 968 2140 in
990 2078 1098 2142 codice
1120 2077 1339 2144 Laurentiano
1360 2093 1399 2139 ss.
1409 2096 1472 2138 11⁹⁶.

222 2180 252 2245 A
276 2180 324 2243 sic
345 2179 413 2244 fere
435 2180 570 2262 legitur:

257 2295 383 2380 Ὄφελε
410 2296 576 2379 πρότερον
604 2296 726 2378 αἰθέρα
752 2298 856 2361 δῦναι
878 2296 984 2380 μέγαν
1006 2295 1028 2381 ἢ
1049 2295 1110 2362 τὸν
1132 2300 1339 2365 πολύκοινον

1025 2396 1142 2465 ’Ἅιδαν

265 2511 377 2578 κεῖνος
398 2498 503 2585 ἁνήρ,
526 2496 563 2577 ὃς
585 2503 761 2583 στυγερῶν
783 2500 910 2577 ἔδειξεν
932 2497 1047 2565 ὅπλων
1107 2524 1172 2573 1195

256 2601 419 2668 Ἕλλασιν
440 2602 558 2667 κοινὸν
570 2599 671 2685 ’Ἄρη’

265 2702 305 2770 iai
328 2704 428 2770 πόνοι
450 2705 614 2788 πρόγονοι
637 2703 769 2769 πόνων·

265 2817 377 2884 κεῖνος
397 2806 463 2890 γὰρ
487 2808 629 2890 ἔπερσεν
652 2802 870 2889 ἀνθρώπους.

286 2925 335 2991 Da
357 2926 514 2991 librorum
534 2926 691 2990 memoria
711 2924 773 2989 hoo
793 2926 873 2989 satis
894 2926 956 2988 erit
971 2923 1077 2989 dicare
1092 2928 1168 3008 post
1179 2922 1340 2991 Ἕλλασιν

222 3028 258 3091 in
279 3027 328 3093 La
349 3028 474 3091 litteras
497 3029 651 3111 quattuor
673 3047 778 3091 erasas
802 3047 880 3090 essa.

287 3127 405 3193 Statim
434 3127 473 3193 de
496 3129 660 3193 sententia
680 3127 834 3212 primaria
855 3127 1078 3212 antistrophae
1099 3149 1218 3213 magna
1240 3132 1340 3195 nasci·

221 3233 276 3294 tur
298 3228 704 3313 interpretum-dissensio.
750 3228 923 3306 Quaeritur
937 3232 1046 3302 onim,
1076 3231 1148 3314 quis
1170 3231 1340 3315 intellega-

221 3332 276 3396 tur
298 3340 411 3407 κεῖνος
432 3327 532 3415 ἁνήρ,
555 3325 592 3406 ὃς
607 3327 757 3415 -”Αρη.
804 3330 979 3415 Tripliaem
1000 3334 1109 3396 autem
1130 3352 1202 3397 aum
1225 3331 1341 3397 discer-

221 3453 336 3497 namus
359 3431 539 3517 explioandi
561 3433 734 3509 rationem,
757 3454 840 3518 quaa
861 3431 1072 3517 praeferenda
1086 3433 1142 3507 sit,
1166 3454 1233 3498 non
1249 3432 1339 3498 dubi·

221 3534 373 3598 tabimus.
424 3532 690 3599 Schneidewinus
724 3536 811 3600 enim
844 3538 877 3599 at
899 3532 1063 3598 Nauokius
1091 3533 1225 3599 chorum
1252 3534 1339 3600 diras

222 3633 296 3700 illas
317 3633 427 3700 Paridi
454 3636 624 3720 imprecari
652 3639 801 3701 censent:
836 3634 987 3714 „Mucnte
999 3635 1064 3699 'der
1085 3634 1242 3717 Austitier
1263 3637 1340 3704 alles

229 3734 366 3816 naua,
391 3736 504 3817 Paris,
533 3757 595 3803 νον
622 3738 677 3802 ἄν
697 3736 787 3804 Brute
813 3737 937 3820 νοντνὶρο
962 3737 1089 3802 worden
1115 3739 1198 3817 seia,
1227 3739 1279 3805 ete
1306 3760 1340 3805 er

222 3837 348 3906 Helena
374 3840 577 3918 eutsthrte!“
621 3838 709 3916 Quae
742 3838 873 3923 quidem
894 3837 1057 3917 sententia
1085 3859 1157 3904 oum
1178 3861 1283 3925 nequa
1305 3842 1341 3906 in

221 3943 320 4008 verba
343 3957 438 4024 σννν.
452 3940 501 4007 ss.
517 3937 682 4027 ὅπλ.”Αρη
703 3961 809 4023 nequa
826 3940 862 4003 in
876 3938 973 4003 finam
989 3940 1214 4025 antistrophaa
1228 3951 1340 4019 κεῖνος

222 4045 367 4126 ἔπερσεν
399 4038 608 4126 ἀνθρώπους
641 4041 824 4113 conveniat,
857 4040 927 4104 iura
957 4042 1119 4106 neminem
1149 4062 1219 4107 eam
1247 4045 1338 4127 sequi
1464 4117 1470 4126 ,

223 4201 423 4210 ..om

306 4278 378 4335 adn.
393 4282 417 4349 l)
437 4278 568 4335 Consulto
586 4277 678 4333 verbis
696 4278 760 4333 ntor
776 4275 928 4345 ambiguis,
950 4291 1023 4343 qnae
1041 4277 1179 4345 quomodo
1197 4278 1339 4333 intellecta

219 4365 319 4431 velim,
336 4380 402 4421 mox
418 4363 556 4420 indicabo.

524 4527 741 4626 108013

1101 4451 1135 4500 ¹*
