3192 4884
698 293 910 356 ,20-

98 478 242 526 naenias.
316 462 428 545 Neque
449 465 559 526 tamen
581 463 689 526 omnia
710 464 774 526 iam
796 463 832 525 in
853 462 919 525 illis
942 482 1022 544 quae
1043 460 1171 525 laudavi
1193 461 1282 526 chori
1297 484 1367 526 rer-

248 566 298 629 bis
326 568 412 628 recte
440 584 474 627 se
501 563 632 628 habent.
682 562 858 628 Verissime
886 562 972 626 enim
1001 562 1155 626 Albertus
1184 562 1364 646 Zippmann

250 665 405 748 (Schedae
428 666 556 729 criticae
578 666 613 728 in
636 662 805 748 Sophoclis
825 663 1030 744 Trachinias,
1054 663 1249 729 Diisseldorf
1270 665 1365 746 1868)

249 767 461 850 corruptelam
489 766 523 829 in
550 767 709 850 scriptura
736 766 857 830 tradita
878 766 984 829 inesse
1006 765 1086 829 mihi
1109 766 1235 830 videtur
1258 771 1364 832 osten-

249 869 348 950 disse,
372 889 563 950 quamquam
584 889 652 932 non
674 867 787 950 habet,
812 866 972 950 quomodo
994 870 1096 931 sanet.

311 969 395 1034 Nam
416 969 556 1052 logicam
579 967 740 1033 desiderat
761 969 795 1031 in
818 968 869 1032 his
893 968 1085 1032 enuntiatis:
1108 968 1181 1035 Dos
1194 972 1268 1035 eben
1278 972 1363 1036 Aus-

247 1072 450 1155 pesprocbene
471 1076 569 1135 masat
590 1073 633 1135 du
654 1073 690 1135 ta
712 1070 823 1135 danen
838 1069 1074 1152 Erwortuapea
1095 1076 1167 1136 stete
1183 1073 1364 1152 faileubam

250 1176 333 1239 dena
361 1193 424 1237 wer
450 1173 509 1237 sub
534 1160 649 1253 jamela
670 1172 753 1237 Zeus
779 1193 874 1254 pepon
894 1173 978 1236 seiae
999 1171 1039 1234 K
1042 1174 1154 1237 iader
1181 1194 1214 1238 so
1235 1175 1366 1239 sobleebt

250 1274 418 1341 beratheri?
445 1275 582 1337 maxime
610 1295 682 1337 eum
708 1294 765 1357 per
790 1276 892 1337 totam
915 1274 1051 1337 alteram
1073 1275 1308 1358 antistropham
1332 1279 1365 1340 et

250 1376 389 1460 epodum
411 1376 450 1440 de
472 1376 583 1440 liberis
598 1375 683 1439 Iovis
706 1376 814 1439 nullus
838 1396 942 1438 sermo
964 1375 1077 1457 fuerit,
1101 1378 1164 1441 nisi
1186 1379 1257 1460 quis
1280 1378 1365 1442 torte

250 1476 312 1543 τάν
335 1463 489 1542 dauoouv
510 1480 548 1540 ut
568 1499 685 1540 nurum
701 1476 786 1541 lovis
810 1477 856 1539 ita
879 1476 1056 1559 significari
1071 1478 1180 1543 eredat
1195 1479 1261 1561 (1.1.
1275 1503 1306 1563 p.
1320 1481 1364 1560 1).

251 1581 326 1665 Ipsa
357 1580 440 1645 ratio
448 1628 456 1661 ,
490 1579 596 1660 inquit
628 1579 700 1659 ille,
735 1577 830 1642 docet
861 1579 947 1642 inter
977 1579 1035 1643 has
1065 1578 1143 1645 duas
1171 1582 1364 1645 sententias:

251 1681 353 1766 „nihil
381 1681 514 1746 humani
542 1681 688 1744 00111111α
719 1679 987 1762 (11.132-136)
1016 1683 1049 1744 et
1080 1684 1171 1765 „quis
1200 1684 1285 1748 enim
1307 1705 1364 1746 un-

250 1804 345 1866 quam
365 1787 432 1845 tam
454 1783 538 1847 male
559 1782 780 1847 consulentem
803 1781 914 1845 liberis
937 1784 1003 1846 suis
1024 1784 1133 1850 Iovem
1156 1782 1280 1847 vidit?“
1303 1784 1366 1848 hoc

250 1884 336 1968 loeo,
364 1885 420 1948 ubi
442 1883 596 1948 Deianira
623 1881 744 1965 aliquid
769 1904 896 1969 sperare
918 1884 1056 1968 iubetur,
1086 1885 1170 1949 nihil
1192 1886 1279 1950 aliud
1302 1886 1365 1949 dici

249 1987 393 2070 potuisse
415 1986 479 2050 nisi
501 1984 576 2048 hoc:
602 1984 756 2068 „proinde
779 2005 872 2066 spera
895 1985 977 2049 hano
999 2008 1126 2070 quoque
1148 1987 1228 2068 (scil.
1245 1985 1365 2051 Hercu-

250 2088 303 2168 lis)
326 2087 540 2150 calamitatem
560 2108 627 2149 non
649 2088 805 2169 perpetuo
828 2108 1011 2151 mansuram
1032 2090 1131 2153 esse“.

312 2188 365 2252 Ad
393 2188 478 2252 hanc
500 2188 733 2251 sententiarum
756 2186 979 2253 difficultatem
1003 2190 1083 2254 aliae
1105 2189 1260 2255 accedunt
1283 2190 1366 2253 diffi-

249 2291 384 2355 cultates
407 2291 441 2352 in
464 2291 542 2372 ipsis
563 2288 668 2353 verbis
684 2290 818 2371 positae.
863 2288 976 2373 Neque
991 2292 1077 2354 enim
1091 2313 1269 2374 pronomen
1285 2289 1366 2355 τάδε

249 2392 396 2456 sufficere
422 2392 501 2474 puto
528 2389 567 2453 ad
589 2389 791 2454 indicandam
816 2390 965 2455 Herculis
987 2392 1164 2472 miseriam,
1193 2392 1279 2477 quod
1301 2393 1365 2458 for-

248 2497 335 2558 tasse
357 2494 426 2557 fieri
449 2513 543 2575 posse
559 2490 778 2574 Zippmannus
801 2492 896 2572 dicit,
920 2514 979 2557 nec
993 2496 1187 2577 pronomina
1201 2493 1224 2558 o‘i
1238 2497 1270 2559 et
1285 2493 1367 2559 adds

250 2596 405 2678 coniungi
431 2596 584 2677 possunt,
612 2594 659 2655 ita
686 2596 723 2656 ut
750 2596 939 2676 perpetuam
969 2594 1125 2658 malorum
1151 2597 1365 2660 othonorum

249 2694 504 2761 vicissitudinem
534 2699 594 2775 (vv.
613 2692 796 2774 132-136)
826 2695 1027 2778 significent:
1062 2697 1151 2760 cuius
1178 2721 1253 2763 usus
1284 2719 1365 2780 quae

253 2797 398 2881 exempla
425 2797 521 2861 allata
543 2798 633 2878 sunt,
660 2817 762 2879 nuper
784 2796 863 2861 Otto
885 2794 994 2860 Hense
1016 2797 1050 2859 in
1074 2819 1110 2862 eo
1133 2799 1217 2863 libro
1240 2801 1296 2882 qui
1318 2800 1365 2862 in·

250 2899 402 2962 scribitur
431 2898 589 2977 „Studien
609 2917 650 2962 ru
673 2897 864 2980 Sophoclem
894 2898 1004 2981 (1880)
1025 2921 1057 2982 p.
1077 2899 1115 2963 16
1144 2901 1239 2965 iustis
1262 2903 1365 2965 causis

250 3000 412 3064 refutavit.
458 2998 656 3082 Quamquam
679 2984 812 3063 minime
834 2998 914 3062 mibi
935 3001 1091 3082 probatur
1114 3001 1200 3084 quod
1222 3001 1364 3067 Hensius

249 3100 311 3166 hoc
337 3101 408 3164 loco
438 3101 576 3164 coniecit
599 3099 731 3165 ἐλπίσιν
753 3099 839 3182 λέγω
863 3103 1037 3165 redactura
1061 3107 1179 3184 ἴσχειν,
1209 3105 1365 3187 probante

249 3205 286 3266 ut
299 3200 428 3266 videtur
439 3201 610 3265 Wecklino
625 3203 671 3283 (in
686 3200 850 3266 Bursioas
861 3200 1040 3267 Jabraoer.
1052 3206 1142 3281 1881,
1165 3207 1243 3269 tom.
1257 3204 1365 3269 XXVI

249 3327 278 3387 p.
294 3303 365 3384 29):
394 3302 473 3367 illud
503 3305 588 3366 enim
617 3302 825 3386 adientium,
861 3302 947 3386 quod
974 3305 1057 3388 apud
1082 3302 1274 3387 Sophoclem
1302 3307 1365 3369 nisi

249 3427 314 3471 uno
343 3406 450 3470 Aiacis
481 3404 550 3471 loco
583 3426 650 3468 non
678 3404 808 3487 legitur,
841 3427 920 3468 num
947 3409 1033 3469 recte
1063 3427 1134 3469 eum
1162 3407 1364 3472 substantivo

252 3505 385 3581 ἐλπίδες
406 3508 631 3589 coniungatur,
654 3505 860 3569 vehementer
883 3505 1005 3571 dubito.

313 3607 444 3671 Nullam
466 3628 541 3672 vero
563 3607 825 3691 probabilitatem
840 3606 1003 3691 Blaydesii
1026 3609 1209 3673 coniectura
1230 3615 1273 3693 (p.
1290 3610 1365 3692 280)

141 3732 144 3737 ’
250 3709 349 3774 habet
371 3706 431 3772 τὸν
453 3705 545 3774 αἰῶν’
560 3713 676 3791 ἴσχειν.

233 3806 235 3810 ’
315 3809 437 3886 Quodsi
464 3813 656 3894 pronomina
679 3807 701 3874 11
722 3816 755 3874 et
776 3809 855 3874 adde
877 3811 969 3894 iungi
991 3833 1085 3895 posse
1108 3811 1364 3878 demonstratum

251 3935 318 3978 non
347 3916 411 3993 est,
440 3912 577 3978 fortasse
604 3935 645 3976 na
674 3911 748 3976 αἰέν
770 3910 901 3995 quidem
922 3912 1106 3977 adverbium
1130 3914 1236 3978 locum
1257 3913 1365 3979 habet.

251 4014 350 4096 Nam,
374 4015 401 4078 si
423 4035 533 4078 verum
554 4014 706 4078 iudicium
729 4012 917 4078 Dindorfius
938 4013 1030 4093 fecit,
1055 4016 1144 4098 epica
1165 4014 1270 4079 forma
1291 4015 1369 4079 αἰέν

250 4116 367 4200 tragici
389 4137 547 4198 nusquam
568 4116 632 4178 nisi
652 4115 838 4198 postulante
860 4118 961 4180 metro
983 4117 1034 4179 usi
1056 4118 1148 4180 sunt:
1171 4119 1204 4179 at
1225 4119 1387 4180 metrum·

251 4215 404 4282 hocloco
426 4238 493 4281 non
514 4219 657 4300 postulat
679 4214 766 4281 αἰέν,
806 4214 871 4282 Gur
892 4217 978 4281 enim
993 4221 1090 4301 poeta
1104 4217 1210 4281 noluit
1225 4217 1365 4280 scribere

252 4314 304 4381 del
325 4313 396 4380 τάδ’
409 4317 540 4399 lexeru?
554 4352 594 4365 —-
609 4318 720 4400 Itaque
741 4319 882 4400 primum
900 4317 1048 4383 Herculis
1070 4318 1231 4383 miseriam
1253 4321 1368 4401 aperte
