3192 4884
692 304 902 365 -14-

241 470 399 552 aperiens.
443 469 555 552 Neque
583 490 644 553 ego
672 473 809 547 κείνους
834 476 920 536 recte
943 494 977 537 se
1000 472 1119 537 habere
1140 470 1262 546 iudico,
1290 494 1360 536 nora

241 571 325 654 quod
349 592 412 653 quo
434 571 593 635 referatur
615 571 746 636 difficile
769 575 813 636 sit
834 575 1030 656 perspicere,
1054 574 1111 639 sed
1134 573 1210 657 quia
1231 572 1271 637 dc
1286 574 1359 656 pari

240 671 427 755 Antigonae
456 693 534 756 erga
562 672 676 737 fratres
705 694 827 748 amore,
862 675 901 738 de
929 697 992 758 quo
1020 676 1226 759 potissimum
1249 675 1362 757 agitur

239 775 326 837 inter
348 770 520 838 Creontem
546 777 642 858 atque
665 775 880 858 Antigonam,
909 778 1007 842 verba
1030 779 1121 859 φίλει
1144 778 1278 852 κείνους
1297 798 1360 859 pro

241 877 333 956 φίλει
361 872 462 960 ἄμφω
489 898 556 940 non
584 878 664 940 satis
688 879 762 957 apta
783 877 864 940 mihi
885 878 1046 951 videntur,
1073 879 1263 961 pracsertim
1286 899 1359 943 cum

239 975 290 1040 his
313 977 391 1060 ipsis
415 978 520 1042 verbis
537 975 640 1043 Creon
665 977 841 1042 altercandi
864 1000 936 1043 cum
952 979 1120 1063 Antigona
1138 979 1237 1043 finem
1251 978 1360 1043 faciat.

240 1078 421 1144 Genuinam
449 1082 563 1162 poetae
592 1079 783 1162 scripturam
810 1102 848 1143 ex
870 1079 1062 1144 scholiastae
1084 1077 1201 1144 veteris
1224 1080 1359 1164 explica·

239 1180 329 1245 tione
351 1179 423 1243 elici
445 1201 540 1263 posse
561 1183 654 1263 puto,
679 1181 733 1264 qui
755 1180 854 1245 habet
876 1182 916 1246 ad
939 1184 1017 1246 Ant.
1032 1182 1095 1246 523
1125 1179 1178 1245 ot
1200 1204 1252 1246 τοι
1274 1197 1358 1245 συν·

240 1281 353 1364 exeso
373 1277 459 1345 ἄλλοί
478 1284 674 1364 ουμφιλεῑνε
698 1279 764 1358 Τὰς
779 1270 910 1363 φιλίας,
932 1283 1031 1367 φησὶ,
1053 1279 1170 1359 κοινοίς
1185 1285 1358 1366 ποιοῦμαι,

239 1378 310 1446 ἀλλ’
326 1379 368 1447 οῦ
399 1379 457 1459 τοὶς
484 1385 617 1466 ἔχθρας.
669 1383 782 1467 Itaque
810 1406 869 1468 pro
898 1388 1032 1460 κείνους
1060 1385 1183 1449 conicio
1206 1382 1356 1448 κοινοῦν

240 1506 461 1569 „communem
488 1485 626 1549 reddens
653 1487 781 1568 utrique
810 1489 901 1550 tuum
928 1488 1099 1558 amorem“,
1127 1487 1163 1549 in
1191 1507 1228 1549 eo
1251 1488 1358 1548 autem

239 1588 294 1670 qui
316 1587 479 1651 antecedit
500 1608 607 1660 versu,
633 1590 671 1650 ut
692 1587 854 1651 obiectum
876 1588 916 1651 ad
940 1591 1032 1670 φίλει
1053 1587 1243 1662 habeamus,
1272 1585 1357 1671 quod

238 1691 347 1752 tamen
374 1688 471 1752 etiam
499 1687 665 1752 subaudiri
691 1710 786 1771 posse
808 1691 1003 1772 putaverim,
1033 1712 1089 1752 νιν
1115 1709 1174 1772 pro
1203 1711 1270 1753 νυν
1298 1687 1359 1770 (La

237 1794 333 1868 νῦν),
357 1811 437 1872 quae
460 1811 527 1853 non
550 1792 656 1855 minus
679 1790 762 1854 lenis
786 1793 835 1854 est
857 1792 1011 1855 mutatio:

378 1924 467 1990 κάτω
490 1948 556 1988 νιν
580 1923 729 2004 ἑλθοῦο’,
753 1926 785 1989 εί
805 1924 976 2008 φιλητέον,
1000 1928 1092 2008 φίλει

378 2032 524 2092 κοινοῦ
533 2025 578 2093 o'*
603 2028 688 2111 ἐμοῦ
713 2026 750 2092 δὲ
773 2031 895 2106 ζῶντος
916 2027 980 2091 οῦκ
1003 2025 1098 2110 ἄρξει
1119 2025 1218 2111 γυνή.

239 2162 351 2245 Neque
373 2185 449 2228 vero
472 2163 699 2228 offendendum
722 2164 784 2226 erit
806 2164 841 2225 in
863 2164 1042 2246 participiis
1066 2162 1220 2227 ἐλθοῦσα
1238 2165 1270 2226 et
1286 2185 1359 2226 νοι-

239 2270 350 2329 νοῦσοι
373 2264 459 2329 inter
481 2286 515 2329 se
537 2285 604 2329 non
626 2266 821 2329 coniunctis.
845 2265 963 2348 quippe
985 2285 1066 2346 quae
1085 2285 1217 2347 prorsus
1234 2262 1363 2329 diversa

238 2368 365 2432 ratione
388 2388 426 2431 ex
447 2367 545 2431 verbo
569 2370 660 2447 φίλει
682 2366 858 2450 pendeant,
883 2366 921 2431 cf,
938 2367 999 2430 531
1013 2388 1061 2449 sq,
1084 2362 1129 2441 ὣς
1147 2362 1247 2447 ἔχιδν’
1257 2362 1357 2447 ὑφει-

238 2467 322 2552 με’νη
345 2467 501 2552 λήθουσά
522 2465 723 2551 μ’ἐξέπινες.
769 2468 924 2533 Eiusdem
947 2467 1038 2532 verbi
1059 2465 1165 2531 media
1187 2466 1292 2531 forma
1305 2468 1361 2531 ab·

239 2571 344 2636 solute
365 2571 472 2653 posita
494 2574 543 2634 est
564 2593 583 2634 a
605 2568 764 2654 Sophocle
786 2570 894 2654 paullo
917 2568 1003 2632 infra
1018 2592 1046 2633 ν.
1062 2568 1126 2634 539
1148 2565 1218 2632 οὔτ’
1231 2565 1356 2651 ἠθέλη-

239 2688 301 2748 οοις
315 2668 385 2736 οὔτ’
395 2667 461 2752 ἐγώ
472 2670 713 2755 ’κοινωσίμηνι
738 2671 843 2737 forma
857 2671 961 2735 activa
976 2671 1102 2753 saepius
1117 2669 1203 2754 apud
1217 2669 1360 2753 Aeschy··

238 2774 306 2838 lum
334 2774 482 2838 occurrit.
532 2773 583 2838 Ad
611 2775 668 2838 νίν
696 2776 804 2837 autem
831 2793 1011 2856 pronomen
1039 2791 1097 2855 pro
1127 2769 1220 2836 αὐτοί
1243 2767 1357 2851 (αὐτοὶ)

238 2876 289 2940 vel
311 2870 435 2950 υῦιοῦς
456 2877 598 2958 positum
620 2875 659 2940 cf.
682 2876 743 2940 577
767 2872 855 2939 ιίλλοί
876 2897 932 2938 νιν
960 2870 1098 2956 κομίζετ’
1121 2878 1216 2955 εἴσω,
1247 2872 1362 2956 δμῶες

240 2977 422 3061 (Antigona
449 2979 482 3040 et
508 2975 637 3041 Ismena
663 2977 816 3041 iubentur
844 2998 863 3040 a
885 2972 1023 3040 Creonte
1046 2976 1081 3037 in
1103 2974 1197 3039 aedes
1220 2975 1356 3052 abduci),

240 3077 277 3144 0.
294 3077 418 3150 naas,
437 3079 527 3153 1331,
551 3077 588 3144 0.
606 3076 707 3153 O.43,
726 3078 808 3142 1123
830 3074 874 3141 οῦ
896 3077 961 3159 γάρ
984 3099 1040 3141 νιν
1063 3076 1228 3152 ε’ξέσωσοις
1251 3077 1360 3158 (Anti-

239 3200 360 3263 gonam
383 3182 415 3244 et
437 3180 625 3261 Ismenam),
649 3180 689 3243 al.

105 3402 161 3443 ιιιι.
172 3401 220 3447 ιιι.
303 3383 380 3449 Ant.
397 3384 459 3449 754
480 3383 600 3449 tradita
622 3386 672 3447 cst
694 3383 853 3465 scriptura

389 3505 517 3567 κλαίων
539 3497 743 3584 φρενώσεις,
768 3497 818 3564 civ
840 3504 978 3582 φρενῶν
1001 3495 1101 3574 atros
1122 3494 1220 3573 κενός

240 3643 344 3705 neque
367 3622 406 3686 ab
430 3621 496 3685 ullo
519 3619 624 3685 adhuc
644 3620 679 3682 in
702 3619 917 3702 suspicionem
939 3620 1064 3685 vocata,
1087 3617 1151 3679 nisi
1174 3615 1259 3700 quod
1279 3616 1361 3681 Din-

241 3723 361 3789 dorfius
383 3725 421 3786 ut
442 3723 561 3805 ubique
583 3721 667 3805 apud
683 3723 795 3804 poetas
811 3720 953 3803 tragicos
969 3715 1084 3782 κλείων
1098 3717 1236 3801 simplici
1256 3718 1357 3782 vocali

241 3827 367 3897 scribit,
395 3824 583 3889 Erfurdtius
610 3823 747 3887 fortasse
770 3820 872 3897 αὐτὸς
893 3819 943 3885 aiv
965 3824 1107 3901 φρενοῦν
1129 3819 1228 3895 κενός
1249 3819 1359 3902 legen·

242 3926 317 3991 dum
348 3929 468 3999 monet,
497 3945 593 4008 quam
621 3924 791 3988 verborum
819 3923 1062 3987 collocationem
1089 3920 1230 3986 arridere
1262 3921 1358 3985 nobis

242 4028 335 4093 facile
358 4026 570 4092 concedimus.
615 4023 701 4089 Nolo
723 4025 843 4107 longus
866 4046 935 4089 esse
957 4025 991 4086 in
1015 4021 1202 4106 explicanda
1216 4024 1287 4086 tota
1300 4020 1362 4085 illa

241 4128 281 4193 de
308 4129 453 4193 versibus
476 4128 647 4193 750-757
670 4128 757 4191 varie
779 4125 985 4209 transpositis
1008 4124 1210 4206 quaestione,
1238 4122 1358 4206 quippe

241 4250 328 4311 quae·
348 4250 461 4312 parum
488 4228 593 4291 valeat
620 4228 660 4290 ad
687 4227 719 4289 id
743 4228 828 4309 quod
852 4225 933 4290 mihi
959 4225 1161 4309 propositum
1184 4228 1247 4289 est:
1275 4222 1356 4288 illud

241 4332 350 4392 tamen
378 4351 493 4393 moneo
522 4327 647 4393 ordinis
676 4349 823 4391 versuum
852 4329 887 4391 iu
910 4327 1017 4401 codice
1039 4327 1150 4390 traditi
1173 4326 1359 4409 nuperrime
