3192 4884
676 327 886 389 ...35-

223 498 453 580 interpretatus
480 498 532 558 sit.
579 493 690 579 Neque
719 517 794 560 vero
824 494 956 573 ὄνειδος
981 496 1034 559 hic
1055 500 1105 560 est
1128 499 1341 580 exprobratio.

223 597 280 662 sed
295 598 463 682 probrum,
487 598 620 673 crimen,
643 597 837 681 ignominia,
862 619 940 681 ergo
956 595 1117 682 ripuarias
1132 596 1265 675 ὄνειδος
1278 623 1344 664 non

223 699 361 764 multum
384 698 491 763 differt
518 700 558 763 ab
583 701 654 784 ipsa
675 696 837 784 ἁμαρτία,
867 699 1034 773 delictum,
1055 701 1179 775 scelus,
1207 701 1342 776 facinus,

223 823 325 885 neque
357 798 502 885 ἁμαρτία
536 802 712 885 explicatur
744 801 809 881 (vd.
834 801 971 881 Nauck.)
1006 803 1174 866 enuntiato
1207 803 1342 868 relativo

223 900 300 968 ἄνθ’
311 900 629 987 ὅτου-ἡμάρτανον,
645 902 701 967 sed
716 903 778 968 hoc
793 904 996 968 enuntiatum
1012 905 1175 987 propriam
1182 926 1223 970 ac
1235 926 1342 970 neces·

223 1007 340 1070 sariam
361 1005 459 1069 habet
479 1008 688 1089 potestatem,
711 1006 757 1070 ita
776 1005 907 1089 quidem
921 1008 959 1069 ut
973 1001 1050 1070 ἄνθ’
1060 1002 1141 1070 ὅτου
1156 1028 1222 1071 non
1237 1008 1343 1071 valeat

224 1107 305 1188 „fdr
327 1109 386 1172 due
406 1113 499 1172 wos“
520 1137 554 1162 =
575 1103 650 1171 cinci
672 1106 803 1171 τούτων
825 1106 847 1170 ἅ
868 1109 919 1172 vel
941 1103 1016 1171 oinct
1038 1106 1168 1172 τούτων
1191 1105 1241 1173 ὅτι
1248 1156 1257 1189 ,
1285 1107 1343 1172 scd

224 1209 264 1273 ad
298 1206 460 1293 ἁμαρτίας
494 1206 626 1285 ὄνειδος
652 1207 858 1274 referendum
885 1210 939 1274 sit.
987 1208 1140 1274 Fortasse
1168 1210 1342 1293 vestigium

224 1312 385 1394 genuinae
411 1312 588 1394 scripturae
616 1312 713 1375 etiam
740 1311 822 1376 latet
849 1312 884 1375 in
911 1312 1030 1376 litteris
1053 1309 1073 1376 d
1095 1315 1136 1394 c',
1165 1333 1243 1395 quas
1266 1315 1341 1377 ante

223 1409 385 1497 ἁμαρτίας
407 1412 508 1477 elutus
531 1412 719 1477 Dindorfins
742 1412 886 1479 adnotat.

286 1514 355 1579 lam
377 1515 479 1579 altera
500 1515 645 1597 quaestio
668 1516 780 1589 oritur,
803 1537 882 1578 num
905 1516 940 1579 in
961 1517 1094 1599 reliquis
1117 1518 1239 1600 septem
1262 1516 1341 1581 locis

225 1615 413 1701 Sophocleis
434 1617 599 1699 vulgatam
621 1617 813 1700 scripturam
834 1617 1038 1682 retinendam
1060 1639 1129 1682 esse
1146 1639 1340 1683 censeamus.

224 1718 307 1784 Nam
323 1719 467 1802 quamvis
482 1718 690 1783 manifestum
705 1720 761 1792 sit,
779 1719 807 1782 si
821 1741 921 1783 unum
937 1718 1128 1804 Sophoclem
1143 1720 1340 1803 respicimus,
1380 1802 1382 1811 Ι

224 1824 326 1885 totam
359 1821 442 1885 hanc
468 1808 690 1903 quaestionem
718 1819 758 1884 ad
787 1821 886 1884 finem
913 1820 1045 1905 perduci
1072 1842 1139 1886 non
1166 1843 1260 1905 posse
1288 1821 1341 1903 (de

223 1921 357 1987 Homeri
378 1944 439 1986 usu
459 1943 564 2006 nuper
583 1920 716 1987 Carolus
731 1921 922 2006 Bmgmann
945 1922 1097 1987 disseruit
1119 1945 1156 1988 eo
1179 1924 1263 1987 libro
1286 1924 1342 2007 qui

222 2023 410 2089 inscribitur
433 2025 510 2102 „eiu
532 2023 679 2089 Problem
700 2025 755 2090 der
776 2024 988 2090 boureriscben
1006 2025 1178 2091 Tacdcritc'b
1199 2027 1267 2090 und
1287 2025 1342 2091 der

222 2126 471 2208 amplectendae
493 2125 857 2208 Sprcchwisseuscbuft“
880 2126 993 2211 (1876)
1016 2129 1049 2191 91
1070 2129 1126 2211 qui
1147 2127 1243 2192 huius
1264 2127 1341 2191 libri

223 2248 371 2292 censuras
399 2229 597 2311 scripserunt
625 2249 697 2292 cum
725 2228 781 2291 alii
808 2231 878 2293 tum
900 2227 1051 2294 Flaohius
1080 2232 1114 2294 et
1134 2229 1340 2311 Kammerus3

222 2328 638 2403 91819919199111876,
664 2329 755 2411 1877,
780 2330 876 2405 1878,
902 2330 1012 2412 1879),
1040 2335 1149 2396 tamen
1171 2352 1279 2395 mcum
1301 2329 1340 2394 de

223 2427 391 2514 Sophoclis
420 2453 480 2495 usu
507 2431 661 2496 iudicium
683 2432 882 2515 perscribere
903 2454 972 2497 non
994 2432 1118 2498 dubito.
1161 2431 1234 2497 Hoc
1256 2432 1342 2496 enim

221 2535 311 2616 patet
333 2530 451 2616 αὑτοῦ,
475 2533 621 2598 simodo
644 2530 751 2598 αὑτοῦ
775 2523 981 2599 scribendum
1004 2538 1069 2609 est,
1092 2555 1160 2612 non
1182 2534 1344 2617 deprime

221 2638 278 2699 aut
299 2634 440 2699 secunda
460 2637 682 2719 personanisi
704 2657 776 2701 cum
797 2638 990 2721 pronomine
1013 2633 1116 2712 αὐτός
1136 2636 1343 2699 coniunctum

221 2758 239 2799 a
261 2733 420 2821 Sophocle
449 2737 521 2803 dici.
563 2737 736 2802 Librorum
764 2742 888 2813 autem,
916 2739 971 2822 qui
993 2739 1028 2801 in
1050 2737 1101 2802 his
1123 2737 1341 2802 locutionibus

222 2835 323 2913 αὐτὸς
355 2834 461 2902 αὐτόν
493 2841 552 2906 etc.
581 2838 772 2903 fluctuantes
807 2840 957 2922 spiritum
987 2838 1083 2903 modo
1111 2840 1217 2904 lenem
1245 2837 1341 2902 modo

221 2961 370 3023 asperum
391 2939 526 3014 habent,
550 2942 584 3003 in
606 2939 666 3003 hac
687 2962 722 3004 re
744 2940 836 3005 nulla
857 2942 907 3005 est
928 2941 1110 3007 auctoritas.
1274 2952 1277 2956 ’

285 3038 408 3106 Contra
439 3040 643 3116 Elmsleium‚
678 3043 733 3126 qui
765 3042 806 3105 ad
837 3042 916 3107 Eur.
940 3041 1067 3112 Herael.
1091 3044 1153 3107 144
1181 3047 1224 3126 (a.
1245 3041 1340 3121 1821)

222 3142 380 3215 defendit,
404 3140 510 3208 αὐτόν
532 3147 564 3207 91
585 3145 705 3209 similia
725 3167 745 3208 a
760 3143 921 3229 Sophocle
937 3148 970 3209 et
984 3144 1140 3229 Euripide
1161 3146 1341 3229 (ettamen
1373 3204 1377 3221 ,

221 3244 359 3310 eundem
391 3244 431 3310 ad
460 3244 575 3314 Bacch.
596 3246 658 3309 722
684 3249 732 3330 [a.
758 3246 866 3334 1822))
896 3268 1061 3331 nunquam
1088 3247 1127 3312 de
1155 3249 1258 3331 prima
1285 3247 1342 3310 aut
1430 3232 1436 3243 ⁴

221 3346 361 3412 secunda
388 3368 527 3431 persona
553 3350 701 3432 usurpari
728 3371 764 3414 ac
785 3353 957 3433 propterea
977 3349 1035 3414 illo
1057 3349 1128 3414 loco
1151 3345 1248 3413 αὐτοὶ
1270 3350 1340 3412 κατ’

221 3446 335 3536 αὐτῶν
361 3469 420 3533 pro
448 3449 605 3513 librorum
633 3453 791 3535 scriptura
819 3449 916 3516 αὐτοὶ
938 3447 1138 3515 καθἀὖτών
1165 3451 1231 3534 legi
1260 3449 1339 3523 vult,

219 3549 426 3616 Hermannus
449 3552 626 3635 disputavit
646 3552 687 3617 ad
711 3551 809 3637 Soph.
824 3553 938 3621 Trach.
953 3553 1013 3617 451
1038 3553 1216 3637 statuitque
1235 3551 1340 3617 Elms-

220 3653 318 3718 lcium
349 3656 405 3718 aut
431 3653 562 3737 longius
590 3655 677 3719 iusto
705 3659 761 3720 aut
788 3676 856 3720 non
883 3677 947 3739 quo
976 3655 1113 3720 debebat
1139 3676 1241 3741 usque
1268 3676 1339 3739 pro-

221 3775 368 3839 gressum
396 3776 474 3819 csse.
520 3753 638 3839 „Nam‚
668 3757 788 3841 inquit,
818 3759 845 3822 si
868 3757 907 3821 de
928 3757 1033 3840 prima
1054 3760 1088 3821 et
1110 3757 1249 3822 secunda
1269 3778 1339 3842 per-

221 3878 301 3921 sona
329 3853 430 3942 udsdg
452 3854 558 3922 αὐτόν
584 3857 646 3922 (1191
668 3860 829 3933 volumus,
859 3880 914 3924 cur
941 3879 1010 3923 non
1038 3859 1134 3923 etiam
1157 3860 1197 3924 dc
1219 3858 1340 3924 tertia?

223 3957 347 4034 Quodsi
377 3959 473 4023 etiam
500 3960 592 4035 talia,
621 3961 714 4042 quale
741 3961 823 4024 illud
851 3964 887 4024 in
908 3958 1109 4044 Choephoris
1133 3961 1261 4043 [Aesch.
1277 3959 1335 4027 ch.

223 4059 316 4147 1014]
351 4063 417 4124 νῦν
445 4057 550 4125 αὑτὸν
577 4061 680 4144 αἰνῶ,
712 4062 798 4146 quod
826 4067 875 4127 est
902 4061 1062 4146 ἐμαυτόν,
1095 4064 1339 4139 removebimus,

220 4165 317 4228 etiam
347 4162 462 4226 tertiae
487 4183 645 4245 personae
673 4164 912 4229 concedendum
940 4167 990 4229 est
1011 4167 1103 4230 αἰνεῖ
1120 4162 1224 4231 αὐτόν
1245 4195 1279 4220 =
1300 4188 1335 4231 se

220 4265 362 4331 laudat.“
405 4263 475 4329 Hoc
497 4286 558 4351 ego
579 4267 665 4351 apud
680 4264 873 4350 Sophoclem
895 4270 979 4333 certe
1000 4291 1068 4333 non
1083 4266 1239 4333 concedo:
1263 4289 1336 4333 con-

221 4367 298 4433 cedo
322 4369 413 4432 αίνεῑ
431 4363 531 4444 αὐτὸς
546 4365 662 4451 αὐτόν,
686 4369 769 4453 quod
786 4370 915 4455 proprie
929 4374 991 4435 est:
1014 4372 1084 4455 ipse
1098 4372 1203 4455 ipsum
1218 4370 1336 4446 laudat,
