3192 4884
702 313 887 378 ..8-

235 486 443 550 πολύκοινον
463 482 582 548 ’Ἅιδαν
609 486 645 547 ut
674 483 786 551 ..valde
814 496 1048 557 communem“,
1083 506 1150 549 non
1179 484 1356 558 „omnibus

235 596 462 653 communem“
484 586 682 669 significans,
727 586 772 650 At
790 586 1042 650 exsecrationem
1058 607 1139 670 quae
1155 585 1356 652 desideratur
1418 650 1424 659 ,

238 711 279 753 ne
305 690 352 752 ita
379 688 509 771 quidem
534 686 719 752 efficiemus.
765 686 835 764 Qua
863 686 902 750 (le
931 707 1037 761 causa,
1068 709 1109 751 ne
1136 688 1256 771 longus
1284 688 1352 763 sim,

237 792 307 875 ipse
321 810 467 873 propono
484 790 700 853 coniecturam
723 785 986 853 πολύποιοοο
1009 789 1120 863 „valde
1136 790 1352 873 punientem‘,

238 892 323 976 quod
346 891 539 956 adiectivum
561 912 628 955 non
650 890 745 955 modo
768 893 931 955 sententia
952 912 1063 955 verum
1086 892 1183 955 etiam
1198 893 1356 957 sermonis

238 992 473 1059 consuetudine
496 994 600 1075 magis
623 992 866 1057 commendatur
888 1013 983 1075 quam
998 992 1079 1057 illud
1095 993 1183 1077 quod
1197 1015 1356 1076 nusquam

239 1098 344 1160 exstat
371 1092 581 1169 arctonnesus.
626 1093 759 1158 Etenim
786 1094 908 1176 legitur
936 1096 1024 1177 Δίκη
1052 1094 1260 1172 coronatos
1282 1094 1358 1159 Par-

239 1196 358 1261 menid.
377 1219 427 1281 ap.
449 1194 536 1261 Sext.
554 1195 649 1279 Emp.
667 1194 750 1259 Λᾶν.
768 1195 892 1278 logicos
916 1197 943 1265 ἵ,
969 1198 1016 1268 11,
1040 1219 1070 1280 p.
1086 1196 1163 1263 393,
1188 1197 1286 1281 Orph.
1308 1218 1357 1280 ap.

239 1298 344 1363 Procl.
360 1299 395 1360 in
410 1297 492 1362 Plat.
510 1297 623 1362 Theol.
638 1296 667 1367 6,
684 1296 712 1369 8,
736 1318 767 1379 p.
784 1296 855 1370 363,
872 1310 905 1357 20
928 1300 960 1361 et
981 1298 1016 1360 in
1032 1296 1116 1361 Tim.
1132 1299 1160 1364 5.
1184 1322 1215 1382 p.
1226 1298 1296 1371 310,
1313 1312 1359 1362 32,

239 1399 375 1465 Vertere
397 1402 505 1464 autem
520 1400 597 1463 licet
611 1399 761 1471 „utinam
776 1398 915 1463 subisset
930 1397 1101 1464 Tartarum
1116 1401 1209 1465 valde
1223 1402 1357 1485 punicu*

240 1506 306 1567 tem
315 1513 332 1538 ‘⁴
360 1503 442 1571 sive,
471 1501 498 1565 si
522 1501 571 1565 cui
594 1501 698 1585 magis
720 1499 874 1583 placebit,
906 1502 1163 1585 „suppliciorum
1191 1502 1322 1585 plenum
1330 1512 1359 1566 ‘t

240 1601 374 1688 Cogitat
402 1603 503 1686 igitur
525 1602 641 1667 chorus
664 1602 703 1666 de
725 1602 765 1665 iis
788 1623 869 1686 quae
891 1602 974 1686 apud
996 1602 1118 1677 inferos
1141 1607 1218 1668 sunt
1239 1604 1359 1687 suppli-

241 1707 313 1780 ciis,
348 1705 518 1788 Tityorum
551 1705 637 1777 dico,
676 1701 901 1767 Tantalorum.
940 1701 1165 1787 Sisyphorum,
1199 1703 1360 1777 Ixionem,

241 1806 435 1872 Danaidum.
480 1806 547 1870 Iam
569 1828 645 1871 vero
668 1804 816 1889 gradatio
838 1807 925 1869 inest
946 1807 981 1868 in
1003 1805 1093 1869 chori
1116 1809 1243 1890 optato:
1273 1807 1359 1881 „uti-

241 1930 317 1973 nam
347 1914 423 1973 anto
449 1927 604 1991 magnum
632 1905 764 1971 aethera
785 1907 940 1977 subisset,
970 1908 990 1970 i.
1006 1929 1035 1971 e.
1055 1928 1188 1990 prorsus
1211 1907 1361 1972 deterre

243 2013 385 2074 remotus
419 2012 515 2083 esset,
546 2012 601 2073 aut
624 2008 732 2094 (adeo)
757 2007 928 2072 Tartarum
950 2010 1091 2073 subisset
1112 2009 1204 2073 valde
1226 2010 1363 2093 punien-

242 2114 343 2185 tem“,
377 2112 501 2176 scilicet
526 2113 564 2175 ut
593 2110 678 2193 apud
706 2108 829 2174 inferos
860 2149 898 2158 —
928 2111 1023 2174 sicuti
1044 2109 1189 2179 Tantali,
1221 2109 1359 2195 Sisyphi,

243 2212 299 2277 alii
323 2251 360 2260 —
384 2213 453 2296 ipse
480 2234 607 2295 quoque
635 2214 768 2296 propter
789 2212 925 2295 impium
947 2214 1087 2276 animum
1112 2233 1148 2277 ac
1170 2212 1363 2277 detestabile

243 2315 408 2398 inceptum
439 2314 597 2398 supplicio
629 2314 849 2378 crudelissimo
878 2314 1069 2379 afficeretur.
1104 2352 1136 2361 -
1167 2312 1252 2378 Nam
1280 2313 1362 2378 illud

244 2416 374 2500 quidem
389 2437 456 2480 non
471 2436 591 2490 vereor,
615 2438 656 2480 ne
671 2415 751 2479 mihi
767 2419 957 2499 opponatur,
979 2415 1138 2480 nefarium
1153 2415 1246 2479 illum
1260 2414 1361 2480 homi—

243 2540 332 2592 nem,
356 2519 384 2582 si
406 2520 497 2582 ante
519 2518 653 2582 inventa
675 2538 775 2589 arma,
803 2517 837 2581 id
861 2519 1007 2581 estante
1030 2517 1132 2582 scelus
1155 2519 1362 2582 commissum

244 2620 389 2685 sublatus
413 2621 510 2693 esset,
534 2621 570 2682 ut
591 2619 710 2683 scelere
732 2639 799 2683 non
823 2619 1015 2683 obstrictum
1030 2619 1077 2682 ita
1091 2640 1132 2682 ne
1150 2619 1216 2683 ullo
1232 2617 1362 2702 quidem

245 2721 403 2805 supplicio
431 2719 531 2784 fuisse
557 2720 777 2785 afficiendum:
805 2720 957 2784 nimirum
980 2722 1105 2785 animus
1128 2722 1197 2785 eius
1219 2721 1361 2784 abiectus

245 2826 315 2887 erat
347 2843 384 2887 ac
410 2821 556 2906 perditus
584 2822 682 2887 etiam
710 2826 786 2887 ante
815 2822 931 2895 scelus,
966 2843 1029 2904 quo
1059 2823 1230 2887 commisso
1257 2841 1361 2904 poena

245 2945 317 2989 sero
340 2924 483 2988 venisset
506 2924 557 2988 vel
579 2925 688 3007 potius
710 2925 815 3006 venit3
845 2945 949 3006 neque
972 2925 1058 2987 enim
1081 2922 1249 2988 Salaminii
1272 2922 1362 2986 dubi·

245 3027 331 3099 tant,
361 3025 439 3107 quin
467 3047 588 3110 poenas
610 3028 741 3091 meritas
762 3025 883 3090 habeat
904 3026 959 3089 ille
982 3028 1037 3109 qui
1058 3025 1294 3090 horrendorum
1316 3045 1363 3086 ar-

246 3148 372 3191 morum
387 3125 525 3192 Martem
537 3127 633 3193 Grais
648 3127 770 3211 primus
786 3128 1015 3191 monstraverit
1031 3132 1205 3206 (armorum
1220 3146 1364 3209 pugnem

246 3229 369 3313 primus
385 3226 499 3293 Graios
522 3229 688 3310 docuerit).
734 3225 938 3293 Simillimam
961 3233 1068 3293 autem
1091 3228 1271 3293 sententiae
1292 3247 1367 3290 con·

246 3330 474 3395 formationem
503 3331 664 3394 invenisse
692 3329 772 3393 mihi
801 3330 913 3394 videor
936 3334 1018 3414 apud
1041 3329 1192 3395 Ovidium
1214 3327 1291 3392 Her.
1308 3326 1364 3397 XI,

245 3432 283 3496 21
300 3454 363 3515 sq.:

343 3566 370 3632 Ο
393 3570 532 3641 utinam,
555 3567 717 3641 Macareo,
742 3589 823 3651 quae
845 3588 905 3631 nos
926 3566 1086 3630 commisit
1107 3566 1141 3628 in
1165 3587 1277 3639 unum,

386 3670 541 3735 Venisset
562 3670 627 3734 leto
651 3670 753 3734 serior
775 3668 855 3733 hora
877 3670 964 3733 meo!

248 3839 390 3913 Scilicet,
420 3841 448 3903 si
476 3843 571 3904 antea
598 3842 726 3905 mortua
752 3843 851 3904 esset.
880 3838 994 3903 horam
1016 3839 1106 3903 illam
1128 3860 1224 3922 quam
1245 3838 1365 3901 lamen·

245 3946 333 4008 tatur
360 3963 397 4006 ac
426 3939 605 4007 detestatur
627 3939 751 4005 Canace
778 3962 846 4005 non
869 3939 1012 4005 vidisset.
1058 3938 1170 4022 Neque
1199 3939 1299 4012 enim,
1329 3941 1365 4002 ut

246 4043 421 4109 indicativo
448 4044 657 4119 „commisit“
685 4041 843 4114 docemur,
876 4062 1043 4106 commune
1073 4040 1219 4105 Macareo
1250 4044 1282 4105 et
1308 4037 1366 4104 Oa·

246 4167 343 4210 nacae
370 4146 552 4228 sepulcrum
573 4144 744 4228 respicitur
770 4143 826 4208 sed
850 4163 994 4208 amorum
1016 4142 1129 4208 foedus
1152 4164 1219 4206 non
1241 4162 1367 4206 conces·

247 4267 333 4319 sum,
369 4267 432 4329 quo
466 4245 566 4311 frater
599 4266 753 4328 sororque
780 4246 882 4310 iuncti
911 4245 1051 4310 fuerunt.
1103 4242 1151 4308 cf.
1181 4245 1277 4307 etiam
1306 4240 1364 4307 Or.

252 4345 351 4410 Trist.
368 4345 407 4421 V,
430 4348 463 4423 4,
487 4359 519 4407 31
534 4367 580 4428 sq.
