3192 4884
691 304 898 368 „25-

233 476 296 539 ie.
322 474 568 556 „identidem
596 474 635 536 ad
664 494 755 537 aures
778 495 864 536 meas
887 473 1004 537 accidit
1025 473 1150 535 sonitus
1173 457 1349 553 cuiuspiam

231 597 331 660 aegre
359 574 573 641 incedentis“.
619 577 706 651 Quae
736 576 918 639 emendatio
947 596 1013 638 non
1035 594 1146 638 vereor
1167 593 1209 635 ne
1230 572 1350 636 violen-

235 679 299 742 tior
320 676 475 742 videatur.
520 675 690 742 Sententia
712 681 818 741 autem
841 698 922 759 quae
944 675 1019 740 inde
1043 674 1149 739 evadit
1166 694 1261 756 quam
1276 675 1350 756 apta

234 781 278 841 sit
299 779 339 843 ad
362 778 448 843 hunc
469 780 590 861 locum,
614 780 820 862 cognoscitur
841 777 934 842 facile
957 799 974 841 e
994 775 1231 841 Schneidewini
1253 774 1350 839 adno-

234 881 413 945 tationibus
446 880 486 945 ad
515 904 543 944 v.
566 881 629 944 204
641 903 687 963 sq.
717 883 750 944 et
777 903 806 945 v.
825 880 898 960 207,
928 879 983 942 ubi
1011 880 1058 941 vis
1087 877 1229 942 adverbii
1256 876 1350 960 θαμά

234 983 319 1046 ultro
341 983 376 1045 in
392 979 561 1066 Sophoclis
584 983 681 1046 verba
698 981 846 1064 infertur,
870 1002 1061 1064 quamquam
1076 980 1216 1062 crepitus
1231 978 1350 1063 pedum

231 1105 270 1147 ec
303 1104 396 1147 voces
429 1083 628 1148 miserabiles
661 1082 839 1148 identidem
867 1104 885 1144 a
913 1081 1010 1146 choro
1038 1081 1180 1145 exaudiri
1209 1080 1348 1145 concedo

235 1185 306 1267 ipso
329 1205 455 1267 quoque
477 1185 576 1250 verbo
599 1186 715 1267 βάλλει
737 1185 874 1267 repetito
898 1184 1082 1266 significari.
1438 1173 1443 1181 ’

296 1369 451 1435 Eiusdem
473 1371 601 1436 fabulae
622 1394 732 1436 versus
756 1371 897 1453 lllbeqq.
919 1371 965 1433 ita
987 1373 1064 1433 sunt
1085 1369 1211 1433 traditi:
1350 1381 1503 1435 Philitea

401 1486 442 1553 οὐ
465 1487 599 1573 φορβάν
622 1489 715 1574 ἱεράς
736 1493 797 1573 φάς
819 1489 960 1570 σπόρον,
985 1487 1046 1551 οὐκ
1069 1485 1183 1551 άλλων

399 1595 506 1674 alpurc
528 1595 596 1655 τῶν
619 1588 800 1675 νεμόμεσθ’
812 1588 929 1673 άνέρες
950 1586 1127 1672 ἀλφησταί.

231 1708 351 1773 'Pristis
366 1708 565 1774 Philoctetae
587 1709 733 1775 condicio
757 1709 958 1787 describitur,
981 1710 1036 1791 qui
1058 1708 1146 1772 omni
1161 1710 1246 1772 vitae
1261 1707 1349 1772 cultu

143 1838 147 1844 ’
230 1811 376 1893 privatus
398 1812 451 1877 vix
473 1810 607 1895 habeat,
630 1812 717 1875 unde
738 1813 838 1875 vitem
860 1809 986 1875 toleret.
1031 1808 1071 1873 In
1085 1808 1281 1892 explicandis
1296 1809 1348 1873 his

232 1912 338 1976 verbis
366 1913 560 1997 interpretes
588 1914 623 1976 in
653 1914 794 1977 diversas
824 1913 1000 1976 sententias
1025 1911 1202 1976 discedunt.
1247 1911 1349 1974 Wun-

232 2011 327 2077 derus
361 2015 463 2097 enim,
497 2002 552 2097 qui
580 2014 785 2080 Dindorfium
819 2014 1050 2078 assentientem
1081 2012 1194 2095 habet,
1229 2012 1349 2076 iudicat

232 2116 418 2196 genetivum
447 2114 567 2180 iillum
598 2116 738 2200 pendere
771 2117 811 2179 ob
846 2120 965 2198 αἴρων,
999 2114 1084 2196 quod
1117 2115 1249 2178 verbum
1281 2136 1348 2177 non

232 2216 339 2278 minus
361 2218 448 2305 recte
471 2238 566 2300 quam
588 2217 785 2301 λαμβάνειν,
809 2219 922 2281 πίνειν
943 2220 976 2281 et
995 2217 1066 2280 sim.
1082 2237 1154 2280 cunr
1169 2216 1347 2279 accusativo

231 2316 328 2379 simul
351 2321 384 2381 et
406 2339 477 2382 cum
499 2321 651 2401 genetivo
673 2321 838 2402 iungatur,
861 2340 933 2383 curn
955 2322 988 2382 et
1002 2316 1124 2401 aliquid
1140 2320 1173 2380 et
1188 2316 1227 2380 de
1242 2316 1349 2399 aliqua

228 2438 266 2481 re
289 2440 414 2483 sumere
429 2421 607 2504 significet3
631 2442 760 2485 sensum
775 2424 882 2485 eutem
898 2442 983 2484 esse:
1007 2441 1099 2499 „non
1114 2419 1348 2482 nutrimentum
1442 2469 1452 2486 .

228 2519 364 2604 capiens·
383 2524 488 2587 terrae
510 2521 636 2607 fruges,
659 2544 719 2586 nec
740 2522 780 2586 de
803 2522 874 2585 aliis
896 2521 1007 2602 rebus,
1031 2520 1146 2603 quibus
1162 2520 1348 2584 vescimur.“

231 2618 325 2695 Quod
346 2622 400 2686 vix
422 2624 492 2687 lieri
513 2646 608 2707 posse
630 2646 704 2689 vere
718 2624 896 2689 iudicantes
912 2620 1118 2686 Hermannus
1133 2642 1170 2684 ac
1185 2620 1348 2685 Nauckius

229 2722 271 2785 ad
294 2719 408 2787 ἄλλων
425 2724 639 2808 supplendum
656 2747 724 2790 esse
741 2724 875 2809 φορβάν
891 2726 1008 2807 putant
1022 2725 1231 2804 vertuntque:
1256 2744 1348 2801 „non

231 2823 384 2906 pabulum
406 2828 511 2888 terrae
531 2825 658 2909 fruges,
681 2848 749 2890 non
764 2825 898 2890 aliarum
913 2845 1036 2905 rerum,
1059 2823 1175 2906 quibus
1190 2824 1348 2888 vescimur

230 2923 395 3007 homines,
423 2924 547 2990 habens
570 2926 749 3009 (tollens)“,
791 2926 834 2992 Ei
856 2947 931 2990 vero
953 2926 1215 3008 interpretationi
1236 2924 1270 2988 id
1293 2926 1348 2989 ob·

229 3027 312 3107 stat,
336 3026 438 3110 quod,
462 3047 532 3091 cum
555 3028 741 3111 genetivum
765 3028 857 3110 ἱερᾶς
870 3031 933 3110 φάς
947 3047 1019 3090 cunr
1034 3028 1213 3090 accusativo
1230 3027 1348 3091 obiecti

229 3125 362 3208 σπόρον
384 3124 540 3212 cuniungi
562 3151 642 3213 opus
664 3131 722 3213 sit,
746 3151 787 3194 ne
808 3128 890 3193 alter
905 3128 1034 3211 quidem
1049 3130 1218 3211 genetivus
1234 3125 1348 3192 άλλων

229 3228 271 3292 ab
303 3230 482 3294 accusativo
512 3231 687 3313 praedicati
715 3231 851 3314 φορβάν
878 3231 1018 3313 pendere
1045 3234 1202 3314 potest¹);
1236 3251 1348 3294 vereor

230 3331 333 3414 enim,
356 3333 394 3394 ut
414 3329 593 3395 Hermanni
615 3333 698 3396 ratio
721 3332 850 3397 admitti
872 3333 991 3416 possit,
1015 3333 1084 3414 qui,
1109 3353 1179 3395 cum
1203 3328 1244 3395 οὐ
1260 3353 1343 3414 φορ-

230 3428 296 3513 βάν
317 3435 379 3513 φάς
401 3432 532 3516 σπόρον
555 3437 662 3516 alcum
683 3434 767 3499 nihil
790 3434 875 3499 aliud
900 3435 943 3498 sit
965 3454 1060 3516 quam
1079 3432 1120 3497 ού
1136 3429 1271 3516 φορβάν
1286 3436 1348 3514 γᾶς

231 3536 350 3616 αἴρων,
373 3533 520 3598 additum
543 3557 611 3599 esse
633 3537 746 3600 scribit
768 3539 865 3601 etiam
888 3531 951 3600 οὐκ
974 3533 1099 3617 ἄλλων,
1123 3534 1246 3598 scilicet
1260 3557 1347 3617 φορ-

230 3632 307 3716 βάν.
357 3633 426 3699 Nec
459 3638 564 3718 magis
592 3638 668 3701 licet
696 3639 907 3721 coniungere,
942 3635 1027 3720 quod
1055 3659 1157 3718 unus,
1191 3638 1347 3718 quantum

230 3736 313 3816 scic,
334 3735 505 3819 Jankius2)
526 3738 646 3822 voluit,
676 3739 808 3823 σπόρον
830 3737 956 3820 ἄλλων,
985 3741 1041 3801 aut
1068 3759 1138 3801 cum
1161 3737 1250 3801 veria
1272 3759 1348 3820 qua·

298 3925 323 3991 1)
340 3922 412 3977 Vere
436 3923 470 3977 de
493 3924 545 3978 hac
567 3942 596 3978 re
620 3924 754 3979 iudicavit
777 3924 963 3993 Bissingerus,
985 3923 1097 3978 Blc'r'tter
1118 3923 1168 3989 βάν
1190 3924 1241 3979 das
1263 3923 1340 3992 baye-

228 4007 315 4061 rirche
335 4007 664 4078 Gymnasiclsclmlweeea
685 4009 748 4065 VII
768 4014 874 4077 (1871),
892 4027 922 4078 p.
936 4012 997 4066 263.
1034 4007 1088 4062 Sed
1109 4007 1160 4062 illa
1181 4010 1266 4062 verba
1284 4024 1347 4062 con·

228 4090 298 4144 strui
320 4107 413 4159 posse,
437 4094 468 4143 ut
485 4091 671 4149 Buttmannus
691 4095 795 4162 voluit,
818 4112 869 4164 per
886 4094 1085 4157 attractionem¹
1097 4112 1169 4162 quae
1188 4093 1289 4147 dicitur
1306 4092 1346 4146 in·

227 4190 335 4228 versam
352 4175 432 4229 nobis
448 4192 504 4230 non
523 4178 661 4246 probavit.
953 4166 962 4180 ’
1128 4166 1139 4198 ‘

295 4261 322 4327 2)
339 4259 363 4315 J.
376 4259 466 4314 Janke
489 4260 543 4328 „de
564 4262 678 4318 stasimo
696 4263 769 4322 Phil.
788 4263 880 4334 primo
897 4263 1126 4329 commenteti0¹‘‚
1148 4263 1251 4332 Pyritz.
1266 4269 1345 4319 1865:

228 4341 358 4414 ,,σιιο’ρον
375 4345 411 4399 cd
430 4338 523 4400 ἄλλων
540 4346 727 4402 referendum:
749 4365 815 4414 ova,
836 4348 892 4415 lac,
915 4348 1135 4426 fetusvcrbcrum
1154 4347 1346 4417 intellegendi.
