3192 4884
684 317 896 381 ..27-

433 485 471 549 τό
493 508 544 550 τοι
567 483 655 550 πολὺ
678 486 734 550 καὶ
755 483 891 569 pqdupd
913 488 1018 569 λῆγον

434 586 553 672 χρῄζω,
577 585 666 670 ξεῖν’,
691 584 799 672 ὀρθὸν
821 584 961 670 ἅκονσμ’
981 585 1136 652 οἰκοῦσαι,

230 688 303 754 Hoc
329 689 409 752 mihi
436 690 508 754 loco
533 690 692 772 persuasi,
721 692 758 753 ut
780 692 912 771 λῆθον
933 710 991 771 pro
1015 692 1120 771 λῆγον
1143 689 1347 753 scribendum

232 812 300 855 esse
334 791 516 855 arbitrarer.
570 790 768 873 Quamquam
802 812 839 854 ea
871 792 941 873 ipsa
973 791 1071 854 verba
1103 790 1187 874 apud
1216 786 1347 854 Suidam

230 894 400 974 leguntur:
429 892 514 975 quod
537 896 646 956 tamen
668 914 735 957 uon
756 892 940 975 prohibuit,
963 894 1134 974 quominus
1156 893 1290 975 μηδαμᾶ
1313 893 1348 955 in

231 989 366 1077 μηδαμὰ
399 996 431 1057 et
459 990 521 1070 ξέν’
552 995 588 1057 in
620 992 698 1070 ξεῖν’
720 996 908 1057 mutaretur.
955 993 1091 1058 Videtur
1118 995 1204 1057 enirn
1231 993 1269 1058 τό
1296 1016 1348 1057 τοι

232 1092 320 1159 πολὺ
343 1095 399 1158 καὶ
421 1092 556 1179 μηδαμὰ
578 1098 683 1178 λῆγον
698 1116 769 1159 meo
785 1094 904 1160 iudicio
919 1096 1025 1159 minus
1042 1098 1115 1178 apte
1131 1096 1347 1160 coniunctum.

233 1192 325 1273 Quod
360 1197 422 1261 etsi
453 1197 557 1280 magis
588 1198 623 1261 in
650 1197 901 1279 uniuscuiusque
930 1198 1076 1262 sensibus
1109 1198 1251 1280 positum
1279 1219 1348 1261 esse

233 1320 328 1384 quam
350 1298 564 1363 demonstrari
585 1319 680 1382 posse
703 1319 739 1363 ao
759 1298 944 1381 persuaderi
964 1321 1014 1363 me
1032 1320 1099 1364 non
1114 1299 1216 1382 fugit,
1239 1301 1349 1362 tamen

232 1422 297 1465 una
325 1403 358 1464 et
385 1400 486 1464 altera
514 1399 594 1464 mihi
624 1403 674 1465 est
696 1421 803 1482 causa,
834 1421 872 1463 ex
893 1422 956 1483 qua
977 1400 1095 1465 certius
1118 1399 1279 1483 quoddam
1302 1423 1349 1464 ar-

233 1505 423 1586 gumentum
446 1523 569 1566 sumam
592 1502 632 1565 ad
648 1502 843 1566 senteutiam
858 1523 962 1566 meam
978 1501 1221 1566 defendendam.
1265 1501 1349 1566 Nam

233 1605 261 1668 si
285 1606 388 1687 λῆγον
409 1624 485 1666 vera
507 1606 591 1668 esset
612 1605 785 1686 scriptura,
809 1625 867 1686 pro
890 1603 1026 1687 μηδαμά
1047 1604 1155 1687 potius
1179 1603 1277 1688 μήπω
1299 1603 1349 1667 vel

233 1705 369 1789 μηδέπω
403 1708 673 1789 exspectaremus,
706 1704 842 1788 μηδαμά
874 1709 986 1770 contra
1017 1706 1120 1769 multo
1145 1708 1250 1789 aptius
1279 1726 1349 1769 cum

233 1807 332 1871 verbo
355 1810 464 1889 λῆθον
487 1807 704 1890 coniungitur.
749 1806 790 1869 In
811 1807 900 1871 illam
916 1810 1022 1871 autem
1037 1808 1140 1890 ipsam
1156 1807 1350 1871 sententiam

233 1909 295 1971 viri
328 1908 415 1972 docti
449 1906 635 1972 adverbium
666 1907 802 1992 μηδαμά
829 1909 971 1991 accipere
998 1907 1159 1992 videntur,
1193 1908 1351 1992 siquidem

233 2009 398 2075 Nauokius
426 2011 590 2092 comparat
612 2009 688 2073 Oed.
705 2009 743 2073 R.
759 2032 787 2072 v.
806 2011 865 2074 731
896 2007 1023 2093 ῆύὃᾶτο
1051 2009 1116 2094 γὰρ
1144 2008 1235 2074 ταῦτ’
1253 2006 1354 2073 οὐδέ

234 2132 291 2176 πω
324 2109 455 2195 λήξαντ’
472 2114 557 2193 ἔχει,
590 2110 776 2175 Ellendtius
806 2117 880 2176 vero
910 2116 942 2176 et
963 2113 1151 2178 Dindorfius
1180 2112 1214 2174 in
1241 2111 1351 2174 lexicis

235 2210 422 2296 Sophocleis
451 2213 557 2278 locum
586 2212 625 2276 de
655 2234 718 2295 quo
746 2214 872 2296 agimus
903 2214 1047 2293 „famam
1075 2213 1229 2279 celebrari
1257 2233 1353 2275 non·

235 2314 320 2378 dum
354 2314 515 2378 desitam“
551 2314 807 2398 interpretantur
843 2315 929 2398 („de
956 2316 1041 2380 fama
1073 2316 1232 2379 minime
1265 2313 1350 2376 dum

236 2417 414 2499 composita
440 2415 550 2480 audire
577 2416 654 2498 quid
683 2437 794 2480 verum
822 2417 891 2480 sit“
920 2416 1064 2481 Ellendt.
1093 2440 1117 2481 s.
1138 2438 1167 2480 v.
1196 2412 1351 2500 μηδαμά).

237 2515 416 2582 Senserunt
437 2517 574 2597 scilicet,
602 2520 629 2582 si
652 2520 757 2599 λῆγον
778 2518 952 2601 legeretur,
974 2520 1143 2584 notionem
1165 2538 1245 2600 quae
1267 2518 1354 2579 inest

235 2619 270 2683 in
303 2619 402 2703 μήπω
435 2620 547 2684 abesse
580 2621 633 2683 vix
665 2640 770 2702 posse.
823 2619 863 2682 ln
892 2619 1051 2683 Wunderi
1082 2640 1178 2702 porro
1206 2619 1353 2709 versione

238 2743 344 2804 „quae
365 2722 431 2785 late
454 2721 609 2804 dissipata
632 2724 682 2784 est
703 2743 807 2805 neque
831 2721 951 2785 desinit
968 2720 1132 2803 dissipari,
1155 2719 1353 2784 auditionem

237 2822 348 2886 audire
369 2825 455 2886 recte
474 2822 593 2905 cupio“
615 2823 748 2905 negatio
763 2825 892 2886 tantum
908 2843 988 2905 quae
1003 2824 1037 2885 in
1052 2821 1204 2886 adverbio
1219 2819 1354 2904 μηδαμά

237 2924 322 2987 inest
343 2921 498 2989 redditur.
542 2922 615 2988 Mea
632 2927 738 2988 autem
755 2924 934 2988 mutatione
950 2925 1070 3006 λῆθον,
1094 2945 1174 3006 quae
1189 2923 1354 2987 leuissima

238 3027 303 3105 est,
338 3024 475 3087 efficitur
503 3024 596 3103 haec,
628 3028 665 3088 ut
693 3024 772 3088 mihi
801 3024 938 3108 videtur,
968 3025 1045 3101 satis
1074 3028 1149 3109 apta
1177 3026 1353 3090 sententia:

237 3126 323 3191 noli
352 3124 514 3190 credere
540 3147 600 3191 nos
628 3126 711 3189 nihil
739 3126 778 3189 de
804 3127 933 3191 miseria
954 3131 1011 3191 tua
1032 3127 1129 3209 scire,
1158 3126 1213 3191 sed
1237 3127 1355 3190 certius

238 3227 375 3311 aliquid,
400 3249 495 3310 quam
518 3227 603 3310 quod
626 3226 711 3291 fama
733 3227 814 3311 fert,
839 3250 876 3292 ex
898 3232 931 3293 te
952 3230 1023 3312 ipso
1041 3229 1152 3294 audire
1168 3229 1354 3311 cupimus¹).

238 3327 402 3394 Habemus
425 3330 527 3413 igitur
548 3330 582 3392 in
597 3329 703 3394 verbis
718 3328 862 3410 „famam
877 3331 943 3395 late
957 3330 1156 3414 divulgatam
1172 3351 1208 3394 ac
1223 3329 1354 3393 minime

238 3414 418 3496 latentem“
446 3430 743 3513 frequentissimum
765 3431 856 3495 illum
878 3432 1116 3515 pleonasmum‚
1145 3431 1234 3495 cuius
1256 3450 1356 3513 pauca
1430 3499 1433 3504 ,

239 3533 383 3616 exempla
398 3529 576 3615 Sophoclea
598 3552 743 3615 appono:
766 3532 845 3598 Oed.
860 3533 899 3598 R.
914 3533 956 3599 58
978 3530 1090 3615 γνωτοὶ
1113 3528 1198 3596 κούκ
1220 3528 1355 3612 dynato?

238 3655 294 3717 μοι
316 3630 525 3718 προσῆλθεθ’
539 3633 738 3717 λμείροντες,
767 3635 845 3698 ibid.
863 3635 945 3699 1230
967 3632 1087 3700 ἑκόντα
1109 3629 1195 3697 κούκ
1216 3630 1355 3714 ἄκοντα,

237 3735 281 3799 ib.
300 3735 382 3800 1275
404 3733 566 3812 πολλάκις
587 3759 623 3800 τε
637 3734 721 3819 κούχ
737 3733 843 3817 ἅπαξ,
866 3735 945 3801 Oed.
958 3732 1026 3800 001.
1042 3734 1102 3799 397
1119 3731 1242 3817 ῆξοντοε
1257 3738 1356 3815 datori

239 3834 335 3919 κούχὶ
358 3838 484 3920 μορίου
506 3836 643 3920 χρόνον,
666 3838 709 3902 ib.
723 3838 785 3902 935
800 3839 858 3923 βίᾳ
873 3860 908 3901 τε
924 3833 1006 3919 κούχ
1022 3834 1124 3913 ircim
1148 3837 1226 3900 item
1241 3838 1356 3920 plenae

239 3938 418 4003 sententiae
433 3940 592 4002 iterantur
607 3939 711 4004 formu
726 3941 894 4023 negativa,
907 3939 996 4003 velut
1010 3937 1061 4004 ul.
1074 3941 1132 4004 131
1148 3961 1202 4022 sq,
1226 3939 1269 4004 ib.
1282 3938 1356 4017 222,

238 4037 322 4103 Phil.
338 4040 409 4104 207.
466 4040 470 4048 ’

309 4192 334 4259 1)
352 4190 397 4244 vd.
410 4190 514 4245 Nauck.
528 4191 564 4245 ad
582 4197 631 4246 517
643 4209 698 4260 aq:
720 4192 924 4248 Widerstrcben
940 4194 977 4247 iat
994 4198 1113 4258 cuncter,
1136 4193 1173 4246 dc
1192 4191 1237 4246 die
1254 4190 1358 4244 Kaude

238 4292 291 4333 uon
314 4277 412 4331 danen
435 4276 608 4332 Sebickaalcu
630 4278 831 4347 teincswcps
854 4279 1035 4349 ccrbcrpca
1058 4279 1108 4333 ist:
1134 4294 1190 4330 aar
1211 4291 1359 4346 putaueras

238 4362 364 4417 mensem
381 4363 426 4416 ich
443 4375 478 4415 aa
494 4361 598 4417 wisara
