3192 4884
696 301 907 366 ..38-

306 472 369 537 Sed
392 477 430 538 ut
443 494 547 538 meam
563 472 758 537 senteniiam
773 494 935 556 promum,
959 471 1129 535 delendum
1143 472 1223 554 puto
1238 466 1359 553 αὑτοῦ,

138 582 144 593 ’
243 574 362 658 quippe
384 575 469 658 qued
491 575 616 638 librarii
638 574 772 639 alieuius
793 575 918 639 incuria
939 575 973 638 in
988 574 1159 637 verborum
1174 575 1360 636 contextum

242 675 423 759 irrepserit,
445 677 554 759 itaque
576 676 780 741 scribendum

390 791 508 859 τόντε
532 794 691 879 ἐρῶντα
712 793 843 859 αὐτόν
865 793 1016 857 καὶτὸν
1038 792 1222 875 ἐρώμενον,

243 916 297 996 „et
326 935 398 977 eum
426 915 481 996 qui
509 914 583 979 tali
611 934 743 979 amore
772 917 859 977 amat
880 915 914 976 et
935 933 1007 975 eum
1029 911 1084 994 qui
1107 913 1262 995 amatur“,
1291 913 1358 980 scil.

242 1014 301 1077 teli
322 1036 441 1080 amore.
485 1015 650 1081 Habemus
672 1017 774 1099 igitur
795 1016 1009 1079 aecusativum
1032 1013 1087 1095 qui
1109 1013 1226 1077 dieitur
1241 1015 1359 1078 obieeii

241 1116 422 1181 interioris:
445 1119 552 1200 ἔρωτα
577 1118 671 1200 ἐρᾶν,
694 1119 740 1181 sie
762 1120 800 1180 ut
820 1139 849 1200 p.
868 1115 963 1180 181ss
985 1116 1030 1179 iu.
1071 1110 1106 1178 ‘O
1127 1114 1189 1198 μὲν
1211 1106 1277 1179 οὖν
1299 1121 1360 1198 τῆς

242 1216 422 1301 πανδήμου
442 1216 639 1301 Ἀφροδίτης
661 1216 851 1304 (εο.”Ερως)
875 1214 920 1292 ὣς
941 1214 1079 1300 ἀληθῶς
1100 1215 1273 1300 πάνδημός
1288 1216 1360 1281 ἐστι

243 1318 299 1382 καὶ
333 1317 538 1404 ἐξεργάζεται
571 1318 590 1382 ὅ
622 1344 654 1384 τι
686 1318 730 1385 ἂν
760 1320 861 1404 τύχῃ·
898 1318 954 1382 καὶ
981 1308 1102 1394 οὗτός
1130 1318 1224 1384 ἐστιν
1253 1314 1300 1383 ὃν
1328 1320 1363 1383 οἱ

243 1424 370 1502 φαῦλοι
391 1427 461 1486 τῶν
482 1421 677 1504 ἀνθρώπων
700 1422 865 1501 ἐρῶσιν.
909 1419 976 1484 Nec
999 1441 1119 1504 vereor,
1150 1442 1191 1483 ne
1213 1421 1284 1503 quis
1306 1443 1362 1504 op·

241 1527 343 1605 ponet
370 1523 465 1607 mihi,
494 1526 569 1608 quie
591 1546 628 1589 eo
651 1525 721 1590 loeo
743 1524 783 1587 de
805 1545 868 1607 qno
891 1523 1018 1606 egimus
1041 1523 1127 1602 ἔρως
1147 1522 1217 1606 ipse
1239 1522 1359 1588 subiec-

241 1628 311 1688 tum
327 1626 371 1688 sit
385 1626 574 1708 sententiae,
590 1648 769 1710 pronomen
785 1625 970 1689 reflexivum
986 1621 1093 1688 αὑτὸν
1107 1625 1243 1707 requiri:
1261 1625 1359 1689 immo

241 1747 373 1808 prorsus
402 1748 486 1812 nego
514 1729 635 1793 intuli
663 1749 781 1811 genere
811 1728 982 1791 accusativi
1009 1726 1193 1791 reflexivum
1215 1726 1360 1809 potuisse

241 1849 329 1911 pom.
